%% This BibTeX bibliography file was created using BibDesk.
%% http://bibdesk.sourceforge.net/

%% Created for Frédéric Montet at 2016-06-10 10:22:52 +0200 


%% Saved with string encoding Unicode (UTF-8) 



@webpage{NCBI:BPClassification,
	Date-Added = {2016-06-07 12:54:42 +0000},
	Date-Modified = {2016-06-10 08:22:51 +0000},
	Lastchecked = {07.06.2016},
	Title = {Classification of Blood Pressure},
	Url = {http://www.ncbi.nlm.nih.gov/books/NBK9633/},
	Year = {2016}}

@webpage{OMS:BMI,
	Date-Added = {2016-06-07 12:28:37 +0000},
	Date-Modified = {2016-06-10 08:22:03 +0000},
	Lastchecked = {07.06.2016},
	Title = {BMI classification},
	Url = {http://apps.who.int/bmi/index.jsp?introPage=intro_3.html},
	Year = {2016}}

@article{Sierra:2009,
	Author = {Alejandro de la Sierra, Josep Redon, Jos{\'e} R. Banegas, Juli{\'a}n Segura, Gianfranco Parati, Manuel Gorostidi, Juan J. de la Cruz, Javier Sobrino, Jos{\'e} L. Llisterri, Javier Alonso, Ernest Vinyoles, Vicente Pallar{\'e}s, Antonio Sarr{\'\i}a, Pedro Aranda, Luis M. Ruilope},
	Date-Added = {2016-05-31 15:47:06 +0000},
	Date-Modified = {2016-05-31 15:50:24 +0000},
	Journal = {Hypertension},
	Pages = {466-472},
	Title = {Prevalence and Factors Associated With Circadian Blood Pressure Patterns in Hypertensive Patients},
	Volume = {53},
	Year = {2009},
	Bdsk-File-1 = {YnBsaXN0MDDUAQIDBAUGJCVYJHZlcnNpb25YJG9iamVjdHNZJGFyY2hpdmVyVCR0b3ASAAGGoKgHCBMUFRYaIVUkbnVsbNMJCgsMDxJXTlMua2V5c1pOUy5vYmplY3RzViRjbGFzc6INDoACgAOiEBGABIAFgAdccmVsYXRpdmVQYXRoWWFsaWFzRGF0YV8QOS4uLy4uL2Fzc2V0L2RvYy9IeXBlcnRlbnNpb24tMjAwOS1kZSBsYSBTaWVycmEtNDY2LTcyLnBkZtIXCxgZV05TLmRhdGFPEQNIAAAAAANIAAIAAAJwYQAAAAAAAAAAAAAAAAAAAAAAAAAAAAAAAADTFybCSCsABQAAADEfSHlwZXJ0ZW5zaW9uLTIwMDktZGUgbCM0QTJBLnBkZgAAAAAAAAAAAAAAAAAAAAAAAAAAAAAAAAAAAAAAAAAAAABKKtNzfe8AAAAAAAAAAAACAAMAAA0CAAAAAAAAAAAAAAAAAAAAA2RvYwAAEAAIAADTFxiyAAAAEQAIAADTc2HPAAAAAQAQAAAAMQAAACQAAAAfAAAAGQACAEVwYTpwcm9qZWN0OgBoeXBlcnRlbnNpb246AGFzc2V0OgBkb2M6AEh5cGVydGVuc2lvbi0yMDA5LWRlIGwjNEEyQS5wZGYAAA4AVAApAEgAeQBwAGUAcgB0AGUAbgBzAGkAbwBuAC0AMgAwADAAOQAtAGQAZQAgAGwAYQAgAFMAaQBlAHIAcgBhAC0ANAA2ADYALQA3ADIALgBwAGQAZgAPAAYAAgBwAGEAEgBJL3Byb2plY3QvaHlwZXJ0ZW5zaW9uL2Fzc2V0L2RvYy9IeXBlcnRlbnNpb24tMjAwOS1kZSBsYSBTaWVycmEtNDY2LTcyLnBkZgAAEwALL1ZvbHVtZXMvcGEAABQBbAAAAAABbAACAAEKSGFyZCBEcml2ZQAAAAAAAAAAAAAAAAAAAAAA0dlkr0grAAAABsVFD3BhLnNwYXJzZWJ1bmRsZQAAAAAAAAAAAAAAAAAAAAAAAAAAAAAAAAAAAAAAAAAAAAAAAAAAAAAAAAAAAAAAAAFgervTFybCAAAAAAAAAAD/////AAAJIAAAAAAAAAAAAAAAAAAAAApmcmVkbW9udGV0ABAACAAA0dlIjwAAABEACAAA0xcYsgAAAAEACAAGxUUAApgPAAIALUhhcmQgRHJpdmU6VXNlcnM6AGZyZWRtb250ZXQ6AHBhLnNwYXJzZWJ1bmRsZQAADgAgAA8AcABhAC4AcwBwAGEAcgBzAGUAYgB1AG4AZABsAGUADwAWAAoASABhAHIAZAAgAEQAcgBpAHYAZQASACBVc2Vycy9mcmVkbW9udGV0L3BhLnNwYXJzZWJ1bmRsZQATAAEvAAAVAAIAEf//AAD//wAAgAbSGxwdHlokY2xhc3NuYW1lWCRjbGFzc2VzXU5TTXV0YWJsZURhdGGjHR8gVk5TRGF0YVhOU09iamVjdNIbHCIjXE5TRGljdGlvbmFyeaIiIF8QD05TS2V5ZWRBcmNoaXZlctEmJ1Ryb290gAEACAARABoAIwAtADIANwBAAEYATQBVAGAAZwBqAGwAbgBxAHMAdQB3AIQAjgDKAM8A1wQjBCUEKgQ1BD4ETARQBFcEYARlBHIEdQSHBIoEjwAAAAAAAAIBAAAAAAAAACgAAAAAAAAAAAAAAAAAAASR}}

@article{:ad,
	Date-Added = {2016-05-31 15:46:26 +0000},
	Date-Modified = {2016-05-31 15:46:26 +0000},
	Bdsk-File-1 = {YnBsaXN0MDDUAQIDBAUGJCVYJHZlcnNpb25YJG9iamVjdHNZJGFyY2hpdmVyVCR0b3ASAAGGoKgHCBMUFRYaIVUkbnVsbNMJCgsMDxJXTlMua2V5c1pOUy5vYmplY3RzViRjbGFzc6INDoACgAOiEBGABIAFgAdccmVsYXRpdmVQYXRoWWFsaWFzRGF0YV8QVi4uLy4uLy4uLy4uLy4uLy4uL1VzZXJzL2ZyZWRtb250ZXQvRG93bmxvYWRzL0h5cGVydGVuc2lvbi0yMDA5LWRlIGxhIFNpZXJyYS00NjYtNzIucGRm0hcLGBlXTlMuZGF0YU8RAeIAAAAAAeIAAgAACkhhcmQgRHJpdmUAAAAAAAAAAAAAAAAAAAAAANHZZK9IKwAAAAbFSB9IeXBlcnRlbnNpb24tMjAwOS1kIzFFMzVGQzcucGRmAAAAAAAAAAAAAAAAAAAAAAAAAAAAAAAAAAAAAAAAAAAB41/H03N97wAAAAAAAAAA/////wAACSAAAAAAAAAAAAAAAAAAAAAJRG93bmxvYWRzAAAQAAgAANHZSI8AAAARAAgAANNzYc8AAAABAAwABsVIAAbFRQACmA8AAgBISGFyZCBEcml2ZTpVc2VyczoAZnJlZG1vbnRldDoARG93bmxvYWRzOgBIeXBlcnRlbnNpb24tMjAwOS1kIzFFMzVGQzcucGRmAA4AVAApAEgAeQBwAGUAcgB0AGUAbgBzAGkAbwBuAC0AMgAwADAAOQAtAGQAZQAgAGwAYQAgAFMAaQBlAHIAcgBhAC0ANAA2ADYALQA3ADIALgBwAGQAZgAPABYACgBIAGEAcgBkACAARAByAGkAdgBlABIARFVzZXJzL2ZyZWRtb250ZXQvRG93bmxvYWRzL0h5cGVydGVuc2lvbi0yMDA5LWRlIGxhIFNpZXJyYS00NjYtNzIucGRmABMAAS8AABUAAgAR//8AAIAG0hscHR5aJGNsYXNzbmFtZVgkY2xhc3Nlc11OU011dGFibGVEYXRhox0fIFZOU0RhdGFYTlNPYmplY3TSGxwiI1xOU0RpY3Rpb25hcnmiIiBfEA9OU0tleWVkQXJjaGl2ZXLRJidUcm9vdIABAAgAEQAaACMALQAyADcAQABGAE0AVQBgAGcAagBsAG4AcQBzAHUAdwCEAI4A5wDsAPQC2gLcAuEC7AL1AwMDBwMOAxcDHAMpAywDPgNBA0YAAAAAAAACAQAAAAAAAAAoAAAAAAAAAAAAAAAAAAADSA==}}

@article{Duffy:1996,
	Author = {Jeanne F. Duffy, Richard E. Kronauer, Charles A. Czeisler},
	Date-Added = {2016-05-31 15:38:06 +0000},
	Date-Modified = {2016-05-31 15:40:35 +0000},
	Journal = {Journal of Physiology},
	Number = {1},
	Pages = {289-297},
	Title = {Phase-shifting human circadian rhythms: influence of sleep timing, social contact and light exposure},
	Volume = {495},
	Year = {1996},
	Bdsk-File-1 = {YnBsaXN0MDDUAQIDBAUGJCVYJHZlcnNpb25YJG9iamVjdHNZJGFyY2hpdmVyVCR0b3ASAAGGoKgHCBMUFRYaIVUkbnVsbNMJCgsMDxJXTlMua2V5c1pOUy5vYmplY3RzViRjbGFzc6INDoACgAOiEBGABIAFgAdccmVsYXRpdmVQYXRoWWFsaWFzRGF0YV8QJi4uLy4uL2Fzc2V0L2RvYy9qcGh5c2lvbDAwMzkyLTAyODMucGRm0hcLGBlXTlMuZGF0YU8RAwQAAAAAAwQAAgAAAnBhAAAAAAAAAAAAAAAAAAAAAAAAAAAAAAAAANMXJsJIKwAFAAAAMRZqcGh5c2lvbDAwMzkyLTAyODMucGRmAAAAAAAAAAAAAAAAAAAAAAAAAAAAAAAAAAAAAAAAAAAAAAAAAAAAAAAAAEol03N8IQAAAAAAAAAAAAIAAwAADQIAAAAAAAAAAAAAAAAAAAADZG9jAAAQAAgAANMXGLIAAAARAAgAANNzYAEAAAABABAAAAAxAAAAJAAAAB8AAAAZAAIAPHBhOnByb2plY3Q6AGh5cGVydGVuc2lvbjoAYXNzZXQ6AGRvYzoAanBoeXNpb2wwMDM5Mi0wMjgzLnBkZgAOAC4AFgBqAHAAaAB5AHMAaQBvAGwAMAAwADMAOQAyAC0AMAAyADgAMwAuAHAAZABmAA8ABgACAHAAYQASADYvcHJvamVjdC9oeXBlcnRlbnNpb24vYXNzZXQvZG9jL2pwaHlzaW9sMDAzOTItMDI4My5wZGYAEwALL1ZvbHVtZXMvcGEAABQBbAAAAAABbAACAAEKSGFyZCBEcml2ZQAAAAAAAAAAAAAAAAAAAAAA0dlkr0grAAAABsVFD3BhLnNwYXJzZWJ1bmRsZQAAAAAAAAAAAAAAAAAAAAAAAAAAAAAAAAAAAAAAAAAAAAAAAAAAAAAAAAAAAAAAAAFgervTFybCAAAAAAAAAAD/////AAAJIAAAAAAAAAAAAAAAAAAAAApmcmVkbW9udGV0ABAACAAA0dlIjwAAABEACAAA0xcYsgAAAAEACAAGxUUAApgPAAIALUhhcmQgRHJpdmU6VXNlcnM6AGZyZWRtb250ZXQ6AHBhLnNwYXJzZWJ1bmRsZQAADgAgAA8AcABhAC4AcwBwAGEAcgBzAGUAYgB1AG4AZABsAGUADwAWAAoASABhAHIAZAAgAEQAcgBpAHYAZQASACBVc2Vycy9mcmVkbW9udGV0L3BhLnNwYXJzZWJ1bmRsZQATAAEvAAAVAAIAEf//AAD//wAAgAbSGxwdHlokY2xhc3NuYW1lWCRjbGFzc2VzXU5TTXV0YWJsZURhdGGjHR8gVk5TRGF0YVhOU09iamVjdNIbHCIjXE5TRGljdGlvbmFyeaIiIF8QD05TS2V5ZWRBcmNoaXZlctEmJ1Ryb290gAEACAARABoAIwAtADIANwBAAEYATQBVAGAAZwBqAGwAbgBxAHMAdQB3AIQAjgC3ALwAxAPMA84D0wPeA+cD9QP5BAAECQQOBBsEHgQwBDMEOAAAAAAAAAIBAAAAAAAAACgAAAAAAAAAAAAAAAAAAAQ6}}

@article{:ab,
	Date-Added = {2016-05-31 15:37:31 +0000},
	Date-Modified = {2016-05-31 15:37:31 +0000},
	Bdsk-File-1 = {YnBsaXN0MDDUAQIDBAUGJCVYJHZlcnNpb25YJG9iamVjdHNZJGFyY2hpdmVyVCR0b3ASAAGGoKgHCBMUFRYaIVUkbnVsbNMJCgsMDxJXTlMua2V5c1pOUy5vYmplY3RzViRjbGFzc6INDoACgAOiEBGABIAFgAdccmVsYXRpdmVQYXRoWWFsaWFzRGF0YV8QQy4uLy4uLy4uLy4uLy4uLy4uL1VzZXJzL2ZyZWRtb250ZXQvRG93bmxvYWRzL2pwaHlzaW9sMDAzOTItMDI4My5wZGbSFwsYGVdOUy5kYXRhTxEBogAAAAABogACAAAKSGFyZCBEcml2ZQAAAAAAAAAAAAAAAAAAAAAA0dlkr0grAAAABsVIFmpwaHlzaW9sMDAzOTItMDI4My5wZGYAAAAAAAAAAAAAAAAAAAAAAAAAAAAAAAAAAAAAAAAAAAAAAAAAAAAAAAHjXqnTc3whAAAAAAAAAAD/////AAAJIAAAAAAAAAAAAAAAAAAAAAlEb3dubG9hZHMAABAACAAA0dlIjwAAABEACAAA03NgAQAAAAEADAAGxUgABsVFAAKYDwACAD9IYXJkIERyaXZlOlVzZXJzOgBmcmVkbW9udGV0OgBEb3dubG9hZHM6AGpwaHlzaW9sMDAzOTItMDI4My5wZGYAAA4ALgAWAGoAcABoAHkAcwBpAG8AbAAwADAAMwA5ADIALQAwADIAOAAzAC4AcABkAGYADwAWAAoASABhAHIAZAAgAEQAcgBpAHYAZQASADFVc2Vycy9mcmVkbW9udGV0L0Rvd25sb2Fkcy9qcGh5c2lvbDAwMzkyLTAyODMucGRmAAATAAEvAAAVAAIAEf//AACABtIbHB0eWiRjbGFzc25hbWVYJGNsYXNzZXNdTlNNdXRhYmxlRGF0YaMdHyBWTlNEYXRhWE5TT2JqZWN00hscIiNcTlNEaWN0aW9uYXJ5oiIgXxAPTlNLZXllZEFyY2hpdmVy0SYnVHJvb3SAAQAIABEAGgAjAC0AMgA3AEAARgBNAFUAYABnAGoAbABuAHEAcwB1AHcAhACOANQA2QDhAocCiQKOApkCogKwArQCuwLEAskC1gLZAusC7gLzAAAAAAAAAgEAAAAAAAAAKAAAAAAAAAAAAAAAAAAAAvU=}}

@article{:aa,
	Date-Added = {2016-05-30 19:55:08 +0000},
	Date-Modified = {2016-05-30 19:55:08 +0000},
	Bdsk-File-1 = {YnBsaXN0MDDUAQIDBAUGJCVYJHZlcnNpb25YJG9iamVjdHNZJGFyY2hpdmVyVCR0b3ASAAGGoKgHCBMUFRYaIVUkbnVsbNMJCgsMDxJXTlMua2V5c1pOUy5vYmplY3RzViRjbGFzc6INDoACgAOiEBGABIAFgAdccmVsYXRpdmVQYXRoWWFsaWFzRGF0YV8QHC4uLy4uL2Fzc2V0L2RvYy8wMDg0NjcyOS5wZGbSFwsYGVdOUy5kYXRhTxEC3AAAAAAC3AACAAACcGEAAAAAAAAAAAAAAAAAAAAAAAAAAAAAAAAA0xcmwkgrAAUAAAAxDDAwODQ2NzI5LnBkZgAAAAAAAAAAAAAAAAAAAAAAAAAAAAAAAAAAAAAAAAAAAAAAAAAAAAAAAAAAAAAAAAAAAAAAR5rTalCoAAAAAAAAAAAAAgADAAANAgAAAAAAAAAAAAAAAAAAAANkb2MAABAACAAA0xcYsgAAABEACAAA02o0iAAAAAEAEAAAADEAAAAkAAAAHwAAABkAAgAycGE6cHJvamVjdDoAaHlwZXJ0ZW5zaW9uOgBhc3NldDoAZG9jOgAwMDg0NjcyOS5wZGYADgAaAAwAMAAwADgANAA2ADcAMgA5AC4AcABkAGYADwAGAAIAcABhABIALC9wcm9qZWN0L2h5cGVydGVuc2lvbi9hc3NldC9kb2MvMDA4NDY3MjkucGRmABMACy9Wb2x1bWVzL3BhAAAUAWwAAAAAAWwAAgABCkhhcmQgRHJpdmUAAAAAAAAAAAAAAAAAAAAAANHZZK9IKwAAAAbFRQ9wYS5zcGFyc2VidW5kbGUAAAAAAAAAAAAAAAAAAAAAAAAAAAAAAAAAAAAAAAAAAAAAAAAAAAAAAAAAAAAAAAABYHq70xcmwgAAAAAAAAAA/////wAACSAAAAAAAAAAAAAAAAAAAAAKZnJlZG1vbnRldAAQAAgAANHZSI8AAAARAAgAANMXGLIAAAABAAgABsVFAAKYDwACAC1IYXJkIERyaXZlOlVzZXJzOgBmcmVkbW9udGV0OgBwYS5zcGFyc2VidW5kbGUAAA4AIAAPAHAAYQAuAHMAcABhAHIAcwBlAGIAdQBuAGQAbABlAA8AFgAKAEgAYQByAGQAIABEAHIAaQB2AGUAEgAgVXNlcnMvZnJlZG1vbnRldC9wYS5zcGFyc2VidW5kbGUAEwABLwAAFQACABH//wAA//8AAIAG0hscHR5aJGNsYXNzbmFtZVgkY2xhc3Nlc11OU011dGFibGVEYXRhox0fIFZOU0RhdGFYTlNPYmplY3TSGxwiI1xOU0RpY3Rpb25hcnmiIiBfEA9OU0tleWVkQXJjaGl2ZXLRJidUcm9vdIABAAgAEQAaACMALQAyADcAQABGAE0AVQBgAGcAagBsAG4AcQBzAHUAdwCEAI4ArQCyALoDmgOcA6EDrAO1A8MDxwPOA9cD3APpA+wD/gQBBAYAAAAAAAACAQAAAAAAAAAoAAAAAAAAAAAAAAAAAAAECA==}}

@article{Dunn:1959,
	Abstract = {Joint intervals of bounded confidence are suggested for the medians of a bivariate population with continuous marginal distributions. The two intervals are of the classic type based on sample order statistics.},
	Author = {Olive Jean Dunn},
	Date-Added = {2016-05-28 09:28:14 +0000},
	Date-Modified = {2016-05-28 09:29:00 +0000},
	Issn = {00034851},
	Journal = {The Annals of Mathematical Statistics},
	Number = {1},
	Pages = {192-197},
	Publisher = {Institute of Mathematical Statistics},
	Title = {Estimation of the Medians for Dependent Variables},
	Url = {http://www.jstor.org/stable/2237135},
	Volume = {30},
	Year = {1959},
	Bdsk-File-1 = {YnBsaXN0MDDUAQIDBAUGJCVYJHZlcnNpb25YJG9iamVjdHNZJGFyY2hpdmVyVCR0b3ASAAGGoKgHCBMUFRYaIVUkbnVsbNMJCgsMDxJXTlMua2V5c1pOUy5vYmplY3RzViRjbGFzc6INDoACgAOiEBGABIAFgAdccmVsYXRpdmVQYXRoWWFsaWFzRGF0YV8QSS4uLy4uLy4uLy4uLy4uLy4uL1VzZXJzL2ZyZWRtb250ZXQvRG93bmxvYWRzL2V1Y2xpZC5hb21zLjExNzc3MDYzNzQtMy5wZGbSFwsYGVdOUy5kYXRhTxEBugAAAAABugACAAAKSGFyZCBEcml2ZQAAAAAAAAAAAAAAAAAAAAAA0dlkr0grAAAABsVIHGV1Y2xpZC5hb21zLjExNzc3MDYzNzQtMy5wZGYAAAAAAAAAAAAAAAAAAAAAAAAAAAAAAAAAAAAAAAAAAAAAAAHg5sDTby6GAAAAAAAAAAD/////AAAJIAAAAAAAAAAAAAAAAAAAAAlEb3dubG9hZHMAABAACAAA0dlIjwAAABEACAAA028SZgAAAAEADAAGxUgABsVFAAKYDwACAEVIYXJkIERyaXZlOlVzZXJzOgBmcmVkbW9udGV0OgBEb3dubG9hZHM6AGV1Y2xpZC5hb21zLjExNzc3MDYzNzQtMy5wZGYAAA4AOgAcAGUAdQBjAGwAaQBkAC4AYQBvAG0AcwAuADEAMQA3ADcANwAwADYAMwA3ADQALQAzAC4AcABkAGYADwAWAAoASABhAHIAZAAgAEQAcgBpAHYAZQASADdVc2Vycy9mcmVkbW9udGV0L0Rvd25sb2Fkcy9ldWNsaWQuYW9tcy4xMTc3NzA2Mzc0LTMucGRmAAATAAEvAAAVAAIAEf//AACABtIbHB0eWiRjbGFzc25hbWVYJGNsYXNzZXNdTlNNdXRhYmxlRGF0YaMdHyBWTlNEYXRhWE5TT2JqZWN00hscIiNcTlNEaWN0aW9uYXJ5oiIgXxAPTlNLZXllZEFyY2hpdmVy0SYnVHJvb3SAAQAIABEAGgAjAC0AMgA3AEAARgBNAFUAYABnAGoAbABuAHEAcwB1AHcAhACOANoA3wDnAqUCpwKsArcCwALOAtIC2QLiAucC9AL3AwkDDAMRAAAAAAAAAgEAAAAAAAAAKAAAAAAAAAAAAAAAAAAAAxM=},
	Bdsk-Url-1 = {http://www.jstor.org/stable/2237135}}

@book{:ac,
	Date-Added = {2016-05-28 09:22:48 +0000},
	Date-Modified = {2016-05-28 09:22:48 +0000},
	Bdsk-File-1 = {YnBsaXN0MDDUAQIDBAUGJCVYJHZlcnNpb25YJG9iamVjdHNZJGFyY2hpdmVyVCR0b3ASAAGGoKgHCBMUFRYaIVUkbnVsbNMJCgsMDxJXTlMua2V5c1pOUy5vYmplY3RzViRjbGFzc6INDoACgAOiEBGABIAFgAdccmVsYXRpdmVQYXRoWWFsaWFzRGF0YV8QSS4uLy4uLy4uLy4uLy4uLy4uL1VzZXJzL2ZyZWRtb250ZXQvRG93bmxvYWRzL2V1Y2xpZC5hb21zLjExNzc3MDYzNzQtMy5wZGbSFwsYGVdOUy5kYXRhTxEBugAAAAABugACAAAKSGFyZCBEcml2ZQAAAAAAAAAAAAAAAAAAAAAA0dlkr0grAAAABsVIHGV1Y2xpZC5hb21zLjExNzc3MDYzNzQtMy5wZGYAAAAAAAAAAAAAAAAAAAAAAAAAAAAAAAAAAAAAAAAAAAAAAAHg5sDTby6GAAAAAAAAAAD/////AAAJIAAAAAAAAAAAAAAAAAAAAAlEb3dubG9hZHMAABAACAAA0dlIjwAAABEACAAA028SZgAAAAEADAAGxUgABsVFAAKYDwACAEVIYXJkIERyaXZlOlVzZXJzOgBmcmVkbW9udGV0OgBEb3dubG9hZHM6AGV1Y2xpZC5hb21zLjExNzc3MDYzNzQtMy5wZGYAAA4AOgAcAGUAdQBjAGwAaQBkAC4AYQBvAG0AcwAuADEAMQA3ADcANwAwADYAMwA3ADQALQAzAC4AcABkAGYADwAWAAoASABhAHIAZAAgAEQAcgBpAHYAZQASADdVc2Vycy9mcmVkbW9udGV0L0Rvd25sb2Fkcy9ldWNsaWQuYW9tcy4xMTc3NzA2Mzc0LTMucGRmAAATAAEvAAAVAAIAEf//AACABtIbHB0eWiRjbGFzc25hbWVYJGNsYXNzZXNdTlNNdXRhYmxlRGF0YaMdHyBWTlNEYXRhWE5TT2JqZWN00hscIiNcTlNEaWN0aW9uYXJ5oiIgXxAPTlNLZXllZEFyY2hpdmVy0SYnVHJvb3SAAQAIABEAGgAjAC0AMgA3AEAARgBNAFUAYABnAGoAbABuAHEAcwB1AHcAhACOANoA3wDnAqUCpwKsArcCwALOAtIC2QLiAucC9AL3AwkDDAMRAAAAAAAAAgEAAAAAAAAAKAAAAAAAAAAAAAAAAAAAAxM=}}

@article{Dunn:1961,
	Author = {Olive Jean Dunn},
	Date-Added = {2016-05-28 09:22:44 +0000},
	Date-Modified = {2016-05-28 09:24:51 +0000},
	Journal = {Journal of the American Statistical Association},
	Title = {Multiple Comparisons among Means},
	Year = {1961},
	Bdsk-File-1 = {YnBsaXN0MDDUAQIDBAUGJCVYJHZlcnNpb25YJG9iamVjdHNZJGFyY2hpdmVyVCR0b3ASAAGGoKgHCBMUFRYaIVUkbnVsbNMJCgsMDxJXTlMua2V5c1pOUy5vYmplY3RzViRjbGFzc6INDoACgAOiEBGABIAFgAdccmVsYXRpdmVQYXRoWWFsaWFzRGF0YV8QOS4uLy4uLy4uLy4uLy4uLy4uL1VzZXJzL2ZyZWRtb250ZXQvRG93bmxvYWRzL2R1bm4xOTYxLnBkZtIXCxgZV05TLmRhdGFPEQF6AAAAAAF6AAIAAApIYXJkIERyaXZlAAAAAAAAAAAAAAAAAAAAAADR2WSvSCsAAAAGxUgMZHVubjE5NjEucGRmAAAAAAAAAAAAAAAAAAAAAAAAAAAAAAAAAAAAAAAAAAAAAAAAAAAAAAAAAAAAAAAAAAAAAeDnd9NvL7wAAAAAAAAAAP////8AAAkgAAAAAAAAAAAAAAAAAAAACURvd25sb2FkcwAAEAAIAADR2UiPAAAAEQAIAADTbxOcAAAAAQAMAAbFSAAGxUUAApgPAAIANUhhcmQgRHJpdmU6VXNlcnM6AGZyZWRtb250ZXQ6AERvd25sb2FkczoAZHVubjE5NjEucGRmAAAOABoADABkAHUAbgBuADEAOQA2ADEALgBwAGQAZgAPABYACgBIAGEAcgBkACAARAByAGkAdgBlABIAJ1VzZXJzL2ZyZWRtb250ZXQvRG93bmxvYWRzL2R1bm4xOTYxLnBkZgAAEwABLwAAFQACABH//wAAgAbSGxwdHlokY2xhc3NuYW1lWCRjbGFzc2VzXU5TTXV0YWJsZURhdGGjHR8gVk5TRGF0YVhOU09iamVjdNIbHCIjXE5TRGljdGlvbmFyeaIiIF8QD05TS2V5ZWRBcmNoaXZlctEmJ1Ryb290gAEACAARABoAIwAtADIANwBAAEYATQBVAGAAZwBqAGwAbgBxAHMAdQB3AIQAjgDKAM8A1wJVAlcCXAJnAnACfgKCAokCkgKXAqQCpwK5ArwCwQAAAAAAAAIBAAAAAAAAACgAAAAAAAAAAAAAAAAAAALD}}

@article{I,
	Author = {Olive Jean Dunn},
	Date-Added = {2016-05-28 09:22:44 +0000},
	Date-Modified = {2016-05-28 09:28:46 +0000},
	Publisher = {Statistic},
	Title = {Estimation of the medians for dependent variables},
	Bdsk-File-1 = {YnBsaXN0MDDUAQIDBAUGJCVYJHZlcnNpb25YJG9iamVjdHNZJGFyY2hpdmVyVCR0b3ASAAGGoKgHCBMUFRYaIVUkbnVsbNMJCgsMDxJXTlMua2V5c1pOUy5vYmplY3RzViRjbGFzc6INDoACgAOiEBGABIAFgAdccmVsYXRpdmVQYXRoWWFsaWFzRGF0YV8QSS4uLy4uLy4uLy4uLy4uLy4uL1VzZXJzL2ZyZWRtb250ZXQvRG93bmxvYWRzL2V1Y2xpZC5hb21zLjExNzc3MDYzNzQtMy5wZGbSFwsYGVdOUy5kYXRhTxEBugAAAAABugACAAAKSGFyZCBEcml2ZQAAAAAAAAAAAAAAAAAAAAAA0dlkr0grAAAABsVIHGV1Y2xpZC5hb21zLjExNzc3MDYzNzQtMy5wZGYAAAAAAAAAAAAAAAAAAAAAAAAAAAAAAAAAAAAAAAAAAAAAAAHg5sDTby6GAAAAAAAAAAD/////AAAJIAAAAAAAAAAAAAAAAAAAAAlEb3dubG9hZHMAABAACAAA0dlIjwAAABEACAAA028SZgAAAAEADAAGxUgABsVFAAKYDwACAEVIYXJkIERyaXZlOlVzZXJzOgBmcmVkbW9udGV0OgBEb3dubG9hZHM6AGV1Y2xpZC5hb21zLjExNzc3MDYzNzQtMy5wZGYAAA4AOgAcAGUAdQBjAGwAaQBkAC4AYQBvAG0AcwAuADEAMQA3ADcANwAwADYAMwA3ADQALQAzAC4AcABkAGYADwAWAAoASABhAHIAZAAgAEQAcgBpAHYAZQASADdVc2Vycy9mcmVkbW9udGV0L0Rvd25sb2Fkcy9ldWNsaWQuYW9tcy4xMTc3NzA2Mzc0LTMucGRmAAATAAEvAAAVAAIAEf//AACABtIbHB0eWiRjbGFzc25hbWVYJGNsYXNzZXNdTlNNdXRhYmxlRGF0YaMdHyBWTlNEYXRhWE5TT2JqZWN00hscIiNcTlNEaWN0aW9uYXJ5oiIgXxAPTlNLZXllZEFyY2hpdmVy0SYnVHJvb3SAAQAIABEAGgAjAC0AMgA3AEAARgBNAFUAYABnAGoAbABuAHEAcwB1AHcAhACOANoA3wDnAqUCpwKsArcCwALOAtIC2QLiAucC9AL3AwkDDAMRAAAAAAAAAgEAAAAAAAAAKAAAAAAAAAAAAAAAAAAAAxM=}}

@book{q,
	Date-Added = {2016-05-27 12:09:12 +0000},
	Date-Modified = {2016-05-27 12:09:18 +0000}}

@book{Kohonen:1995,
	Author = {Teuvo Kohonen},
	Date-Added = {2016-05-27 06:06:44 +0000},
	Date-Modified = {2016-05-27 06:14:42 +0000},
	Edition = {3},
	Publisher = {Springer-Verlag Berlin Heidelberg},
	Series = {Springer Series in Information Sciences},
	Title = {Self-Organizing Maps},
	Volume = {30},
	Year = {2001},
	Bdsk-File-1 = {YnBsaXN0MDDUAQIDBAUGJCVYJHZlcnNpb25YJG9iamVjdHNZJGFyY2hpdmVyVCR0b3ASAAGGoKgHCBMUFRYaIVUkbnVsbNMJCgsMDxJXTlMua2V5c1pOUy5vYmplY3RzViRjbGFzc6INDoACgAOiEBGABIAFgAdccmVsYXRpdmVQYXRoWWFsaWFzRGF0YV8QXC4uLy4uLy4uLy4uLy4uLy4uL1VzZXJzL2ZyZWRtb250ZXQvRHJvcGJveC9hc3NldC9kb2N1bWVudGF0aW9uL2Jvb2svc2VsZi1vcmdhbml6aW5nX21hcHMucGRm0hcLGBlXTlMuZGF0YU8RAeAAAAAAAeAAAgAACkhhcmQgRHJpdmUAAAAAAAAAAAAAAAAAAAAAANHZZK9IKwAAAAeYhRhzZWxmLW9yZ2FuaXppbmdfbWFwcy5wZGYAAAAAAAAAAAAAAAAAAAAAAAAAAAAAAAAAAAAAAAAAAAAAAAAAAAAB2LTM022yzQAAAAAAAAAA/////wAACSAAAAAAAAAAAAAAAAAAAAAEYm9vawAQAAgAANHZSI8AAAARAAgAANNtlq0AAAABABgAB5iFAAeXewAHlxYAB5W7AAbFRQACmA8AAgBbSGFyZCBEcml2ZTpVc2VyczoAZnJlZG1vbnRldDoARHJvcGJveDoAYXNzZXQ6AGRvY3VtZW50YXRpb246AGJvb2s6AHNlbGYtb3JnYW5pemluZ19tYXBzLnBkZgAADgAyABgAcwBlAGwAZgAtAG8AcgBnAGEAbgBpAHoAaQBuAGcAXwBtAGEAcABzAC4AcABkAGYADwAWAAoASABhAHIAZAAgAEQAcgBpAHYAZQASAEpVc2Vycy9mcmVkbW9udGV0L0Ryb3Bib3gvYXNzZXQvZG9jdW1lbnRhdGlvbi9ib29rL3NlbGYtb3JnYW5pemluZ19tYXBzLnBkZgATAAEvAAAVAAIAEf//AACABtIbHB0eWiRjbGFzc25hbWVYJGNsYXNzZXNdTlNNdXRhYmxlRGF0YaMdHyBWTlNEYXRhWE5TT2JqZWN00hscIiNcTlNEaWN0aW9uYXJ5oiIgXxAPTlNLZXllZEFyY2hpdmVy0SYnVHJvb3SAAQAIABEAGgAjAC0AMgA3AEAARgBNAFUAYABnAGoAbABuAHEAcwB1AHcAhACOAO0A8gD6At4C4ALlAvAC+QMHAwsDEgMbAyADLQMwA0IDRQNKAAAAAAAAAgEAAAAAAAAAKAAAAAAAAAAAAAAAAAAAA0w=}}

@article{Kohonen-som-pak:1995,
	Author = {Teuvo Kohonen and Jussi Hynninen and Jari Kangas and Jorma laaksonen},
	Date-Added = {2016-05-24 13:52:32 +0000},
	Date-Modified = {2016-05-31 16:54:26 +0000},
	Publisher = {Helsinki University of Technology},
	Title = {SOM PAK The Self-Organizing Map Program Package},
	Year = {1995},
	Bdsk-File-1 = {YnBsaXN0MDDUAQIDBAUGJCVYJHZlcnNpb25YJG9iamVjdHNZJGFyY2hpdmVyVCR0b3ASAAGGoKgHCBMUFRYaIVUkbnVsbNMJCgsMDxJXTlMua2V5c1pOUy5vYmplY3RzViRjbGFzc6INDoACgAOiEBGABIAFgAdccmVsYXRpdmVQYXRoWWFsaWFzRGF0YV8QGy4uLy4uL2Fzc2V0L2RvYy9zb21fcGFrLnBkZtIXCxgZV05TLmRhdGFPEQLaAAAAAALaAAIAAAJwYQAAAAAAAAAAAAAAAAAAAAAAAAAAAAAAAADTFybCSCsABQAAADELc29tX3Bhay5wZGYAAAAAAAAAAAAAAAAAAAAAAAAAAAAAAAAAAAAAAAAAAAAAAAAAAAAAAAAAAAAAAAAAAAAAAABI+NNzQAEAAAAAAAAAAAACAAMAAA0CAAAAAAAAAAAAAAAAAAAAA2RvYwAAEAAIAADTFxiyAAAAEQAIAADTcyPhAAAAAQAQAAAAMQAAACQAAAAfAAAAGQACADFwYTpwcm9qZWN0OgBoeXBlcnRlbnNpb246AGFzc2V0OgBkb2M6AHNvbV9wYWsucGRmAAAOABgACwBzAG8AbQBfAHAAYQBrAC4AcABkAGYADwAGAAIAcABhABIAKy9wcm9qZWN0L2h5cGVydGVuc2lvbi9hc3NldC9kb2Mvc29tX3Bhay5wZGYAABMACy9Wb2x1bWVzL3BhAAAUAWwAAAAAAWwAAgABCkhhcmQgRHJpdmUAAAAAAAAAAAAAAAAAAAAAANHZZK9IKwAAAAbFRQ9wYS5zcGFyc2VidW5kbGUAAAAAAAAAAAAAAAAAAAAAAAAAAAAAAAAAAAAAAAAAAAAAAAAAAAAAAAAAAAAAAAABYHq70xcmwgAAAAAAAAAA/////wAACSAAAAAAAAAAAAAAAAAAAAAKZnJlZG1vbnRldAAQAAgAANHZSI8AAAARAAgAANMXGLIAAAABAAgABsVFAAKYDwACAC1IYXJkIERyaXZlOlVzZXJzOgBmcmVkbW9udGV0OgBwYS5zcGFyc2VidW5kbGUAAA4AIAAPAHAAYQAuAHMAcABhAHIAcwBlAGIAdQBuAGQAbABlAA8AFgAKAEgAYQByAGQAIABEAHIAaQB2AGUAEgAgVXNlcnMvZnJlZG1vbnRldC9wYS5zcGFyc2VidW5kbGUAEwABLwAAFQACABH//wAA//8AAIAG0hscHR5aJGNsYXNzbmFtZVgkY2xhc3Nlc11OU011dGFibGVEYXRhox0fIFZOU0RhdGFYTlNPYmplY3TSGxwiI1xOU0RpY3Rpb25hcnmiIiBfEA9OU0tleWVkQXJjaGl2ZXLRJidUcm9vdIABAAgAEQAaACMALQAyADcAQABGAE0AVQBgAGcAagBsAG4AcQBzAHUAdwCEAI4ArACxALkDlwOZA54DqQOyA8ADxAPLA9QD2QPmA+kD+wP+BAMAAAAAAAACAQAAAAAAAAAoAAAAAAAAAAAAAAAAAAAEBQ==}}

@webpage{spssKohonenIBM,
	Date-Added = {2016-05-24 13:49:55 +0000},
	Date-Modified = {2016-05-24 13:51:41 +0000},
	Lastchecked = {24.05.2016},
	Title = {Kohonen Node Expert Options},
	Url = {https://www.ibm.com/support/knowledgecenter/#!/SS3RA7_15.0.0/com.ibm.spss.modeler.help/kohonen_experttab.htm},
	Bdsk-Url-1 = {https://www.ibm.com/support/knowledgecenter/#!/SS3RA7_15.0.0/com.ibm.spss.modeler.help/kohonen_experttab.htm}}

@article{Mulier:1994,
	Abstract = {Kohonen maps have been successfully applied for data reduction and density approximation. Unfortunately, the choice of the neighborhood function and the learning rate in the Kohonen model remains empirical. We present a new statistically motivated approach to determine the contribution of each data presentation during training on the final position of the units of the trained map. Experimental results show that employing the commonly used learning rates leads to unit locations which are overly influenced by the later presentations (i.e., last 20% of data points in the finite training set). Better learning rate schedules and neighborhood functions are then determined which allow more uniform contributions of the training data on the unit locations. These improved rates are shown to be a suitable generalization of the standard rates given by stochastic approximation theory for a self-organizing map of units},
	Author = {F. Mulier and V. Cherkassky},
	Booktitle = {Pattern Recognition, 1994. Vol. 2 - Conference B: Computer Vision amp; Image Processing., Proceedings of the 12th IAPR International. Conference on},
	Date-Added = {2016-05-24 13:46:46 +0000},
	Date-Modified = {2016-05-24 13:48:42 +0000},
	Doi = {10.1109/ICPR.1994.576908},
	Keywords = {self-organising feature maps;Kohonen maps;data reduction;density approximation;learning rate schedules;neighborhood function;self-organizing maps;Approximation methods;Artificial neural networks;Computer networks;Iterative methods;Kernel;Processor scheduling;Recycling;Self organizing feature maps;Stochastic processes;Training data},
	Month = {Oct},
	Pages = {224-228 vol.2},
	Title = {Learning rate schedules for self-organizing maps},
	Volume = {2},
	Year = {1994},
	Bdsk-File-1 = {YnBsaXN0MDDUAQIDBAUGJCVYJHZlcnNpb25YJG9iamVjdHNZJGFyY2hpdmVyVCR0b3ASAAGGoKgHCBMUFRYaIVUkbnVsbNMJCgsMDxJXTlMua2V5c1pOUy5vYmplY3RzViRjbGFzc6INDoACgAOiEBGABIAFgAdccmVsYXRpdmVQYXRoWWFsaWFzRGF0YV8QNi4uLy4uLy4uLy4uLy4uLy4uL1VzZXJzL2ZyZWRtb250ZXQvLlRyYXNoLzAwNTc2OTA4LnBkZtIXCxgZV05TLmRhdGFPEQFuAAAAAAFuAAIAAApIYXJkIERyaXZlAAAAAAAAAAAAAAAAAAAAAADR2WSvSCsAAAGLjicMMDA1NzY5MDgucGRmAAAAAAAAAAAAAAAAAAAAAAAAAAAAAAAAAAAAAAAAAAAAAAAAAAAAAAAAAAAAAAAAAAAAAdT0SdNqJbMAAAAAAAAAAP////8AAAkgAAAAAAAAAAAAAAAAAAAABi5UcmFzaAAQAAgAANHZSI8AAAARAAgAANNqCZMAAAABAAwBi44nAAbFRQACmA8AAgAySGFyZCBEcml2ZTpVc2VyczoAZnJlZG1vbnRldDoALlRyYXNoOgAwMDU3NjkwOC5wZGYADgAaAAwAMAAwADUANwA2ADkAMAA4AC4AcABkAGYADwAWAAoASABhAHIAZAAgAEQAcgBpAHYAZQASACRVc2Vycy9mcmVkbW9udGV0Ly5UcmFzaC8wMDU3NjkwOC5wZGYAEwABLwAAFQACABH//wAAgAbSGxwdHlokY2xhc3NuYW1lWCRjbGFzc2VzXU5TTXV0YWJsZURhdGGjHR8gVk5TRGF0YVhOU09iamVjdNIbHCIjXE5TRGljdGlvbmFyeaIiIF8QD05TS2V5ZWRBcmNoaXZlctEmJ1Ryb290gAEACAARABoAIwAtADIANwBAAEYATQBVAGAAZwBqAGwAbgBxAHMAdQB3AIQAjgDHAMwA1AJGAkgCTQJYAmECbwJzAnoCgwKIApUCmAKqAq0CsgAAAAAAAAIBAAAAAAAAACgAAAAAAAAAAAAAAAAAAAK0},
	Bdsk-Url-1 = {http://dx.doi.org/10.1109/ICPR.1994.576908}}

@article{Mullier:1994,
	Author = {Filip Mulier and Vladimir Cherkassky},
	Date-Added = {2016-05-24 13:42:55 +0000},
	Date-Modified = {2016-05-24 13:43:55 +0000},
	Title = {Learning Rate Schedules for Self-organizing Maps},
	Bdsk-File-1 = {YnBsaXN0MDDUAQIDBAUGJCVYJHZlcnNpb25YJG9iamVjdHNZJGFyY2hpdmVyVCR0b3ASAAGGoKgHCBMUFRYaIVUkbnVsbNMJCgsMDxJXTlMua2V5c1pOUy5vYmplY3RzViRjbGFzc6INDoACgAOiEBGABIAFgAdccmVsYXRpdmVQYXRoWWFsaWFzRGF0YV8QNi4uLy4uLy4uLy4uLy4uLy4uL1VzZXJzL2ZyZWRtb250ZXQvLlRyYXNoLzAwNTc2OTA4LnBkZtIXCxgZV05TLmRhdGFPEQFuAAAAAAFuAAIAAApIYXJkIERyaXZlAAAAAAAAAAAAAAAAAAAAAADR2WSvSCsAAAGLjicMMDA1NzY5MDgucGRmAAAAAAAAAAAAAAAAAAAAAAAAAAAAAAAAAAAAAAAAAAAAAAAAAAAAAAAAAAAAAAAAAAAAAdT0SdNqJbMAAAAAAAAAAP////8AAAkgAAAAAAAAAAAAAAAAAAAABi5UcmFzaAAQAAgAANHZSI8AAAARAAgAANNqCZMAAAABAAwBi44nAAbFRQACmA8AAgAySGFyZCBEcml2ZTpVc2VyczoAZnJlZG1vbnRldDoALlRyYXNoOgAwMDU3NjkwOC5wZGYADgAaAAwAMAAwADUANwA2ADkAMAA4AC4AcABkAGYADwAWAAoASABhAHIAZAAgAEQAcgBpAHYAZQASACRVc2Vycy9mcmVkbW9udGV0Ly5UcmFzaC8wMDU3NjkwOC5wZGYAEwABLwAAFQACABH//wAAgAbSGxwdHlokY2xhc3NuYW1lWCRjbGFzc2VzXU5TTXV0YWJsZURhdGGjHR8gVk5TRGF0YVhOU09iamVjdNIbHCIjXE5TRGljdGlvbmFyeaIiIF8QD05TS2V5ZWRBcmNoaXZlctEmJ1Ryb290gAEACAARABoAIwAtADIANwBAAEYATQBVAGAAZwBqAGwAbgBxAHMAdQB3AIQAjgDHAMwA1AJGAkgCTQJYAmECbwJzAnoCgwKIApUCmAKqAq0CsgAAAAAAAAIBAAAAAAAAACgAAAAAAAAAAAAAAAAAAAK0}}

@book{Bonferroni:1936,
	Author = {Bonferroni, C.E.},
	Publisher = {Libreria internazionale Seeber},
	Series = {Pubblicazioni del R. Istituto superiore di scienze economiche e commerciali di Firenze},
	Title = {Teoria statistica delle classi e calcolo delle probabilit{\`a}},
	Url = {https://books.google.ch/books?id=3CY-HQAACAAJ},
	Year = {1936},
	Bdsk-Url-1 = {https://books.google.ch/books?id=3CY-HQAACAAJ}}

@article{Irazola:2016,
	Author = {Vilma E. Irazola, Laura Gutierrez, Gerald Bloomfield, Rodrigo M. Carrillo-Larco, Prabhakaran Dorairaj, Thomas Gaziano, Naomi S. Levitt, J. Jaime Miranda, Antonio Bernabe Ortiz, Krisela Steyn, Yangfeng Wu, Denis Xavier, Lijing L. Yan, Jiang He, Adolfo Rubinstein},
	Date-Added = {2016-04-25 08:36:42 +0000},
	Date-Modified = {2016-04-25 08:41:48 +0000},
	Journal = {Global Heart},
	Month = {March},
	Number = {1},
	Pages = {47-59},
	Title = {Hypertension Prevalence, Awareness, Treatment, and Control in Selected LMIC Communities},
	Volume = {11},
	Year = {2016},
	Bdsk-File-1 = {YnBsaXN0MDDUAQIDBAUGJCVYJHZlcnNpb25YJG9iamVjdHNZJGFyY2hpdmVyVCR0b3ASAAGGoKgHCBMUFRYaIVUkbnVsbNMJCgsMDxJXTlMua2V5c1pOUy5vYmplY3RzViRjbGFzc6INDoACgAOiEBGABIAFgAdccmVsYXRpdmVQYXRoWWFsaWFzRGF0YV8QMS4uLy4uL2Fzc2V0L2RvYy8xLXMyLjAtUzIyMTE4MTYwMTUwMDMxMzAtbWFpbi5wZGbSFwsYGVdOUy5kYXRhTxEDMAAAAAADMAACAAACcGEAAAAAAAAAAAAAAAAAAAAAAAAAAAAAAAAA0xcmwkgrAAUAAAAxHzEtczIuMC1TMjIxMTgxNjAxNTAwMzEzI0U0Qy5wZGYAAAAAAAAAAAAAAAAAAAAAAAAAAAAAAAAAAAAAAAAAAAAADkzTQ6OIAAAAAAAAAAAAAgADAAANAgAAAAAAAAAAAAAAAAAAAANkb2MAABAACAAA0xcYsgAAABEACAAA00OHaAAAAAEAEAAAADEAAAAkAAAAHwAAABkAAgBFcGE6cHJvamVjdDoAaHlwZXJ0ZW5zaW9uOgBhc3NldDoAZG9jOgAxLXMyLjAtUzIyMTE4MTYwMTUwMDMxMyNFNEMucGRmAAAOAEQAIQAxAC0AcwAyAC4AMAAtAFMAMgAyADEAMQA4ADEANgAwADEANQAwADAAMwAxADMAMAAtAG0AYQBpAG4ALgBwAGQAZgAPAAYAAgBwAGEAEgBBL3Byb2plY3QvaHlwZXJ0ZW5zaW9uL2Fzc2V0L2RvYy8xLXMyLjAtUzIyMTE4MTYwMTUwMDMxMzAtbWFpbi5wZGYAABMACy9Wb2x1bWVzL3BhAAAUAWwAAAAAAWwAAgABCkhhcmQgRHJpdmUAAAAAAAAAAAAAAAAAAAAAANHZZK9IKwAAAAbFRQ9wYS5zcGFyc2VidW5kbGUAAAAAAAAAAAAAAAAAAAAAAAAAAAAAAAAAAAAAAAAAAAAAAAAAAAAAAAAAAAAAAAABYHq70xcmwgAAAAAAAAAA/////wAACSAAAAAAAAAAAAAAAAAAAAAKZnJlZG1vbnRldAAQAAgAANHZSI8AAAARAAgAANMXGLIAAAABAAgABsVFAAKYDwACAC1IYXJkIERyaXZlOlVzZXJzOgBmcmVkbW9udGV0OgBwYS5zcGFyc2VidW5kbGUAAA4AIAAPAHAAYQAuAHMAcABhAHIAcwBlAGIAdQBuAGQAbABlAA8AFgAKAEgAYQByAGQAIABEAHIAaQB2AGUAEgAgVXNlcnMvZnJlZG1vbnRldC9wYS5zcGFyc2VidW5kbGUAEwABLwAAFQACABH//wAA//8AAIAG0hscHR5aJGNsYXNzbmFtZVgkY2xhc3Nlc11OU011dGFibGVEYXRhox0fIFZOU0RhdGFYTlNPYmplY3TSGxwiI1xOU0RpY3Rpb25hcnmiIiBfEA9OU0tleWVkQXJjaGl2ZXLRJidUcm9vdIABAAgAEQAaACMALQAyADcAQABGAE0AVQBgAGcAagBsAG4AcQBzAHUAdwCEAI4AwgDHAM8EAwQFBAoEFQQeBCwEMAQ3BEAERQRSBFUEZwRqBG8AAAAAAAACAQAAAAAAAAAoAAAAAAAAAAAAAAAAAAAEcQ==}}

@book{OMS:2013,
	Author = {OMS},
	Date-Added = {2016-04-24 17:29:24 +0000},
	Date-Modified = {2016-04-24 17:33:36 +0000},
	Publisher = {Organisation mondiale de la Sant{\'e}},
	Title = {Panorama mondial de l'hypertension},
	Year = {2013},
	Bdsk-File-1 = {YnBsaXN0MDDUAQIDBAUGJCVYJHZlcnNpb25YJG9iamVjdHNZJGFyY2hpdmVyVCR0b3ASAAGGoKgHCBMUFRYaIVUkbnVsbNMJCgsMDxJXTlMua2V5c1pOUy5vYmplY3RzViRjbGFzc6INDoACgAOiEBGABIAFgAdccmVsYXRpdmVQYXRoWWFsaWFzRGF0YV8QKi4uLy4uL2Fzc2V0L2RvYy9XSE9fRENPX1dIRF8yMDEzLjJfZnJlLnBkZtIXCxgZV05TLmRhdGFPEQMUAAAAAAMUAAIAAAJwYQAAAAAAAAAAAAAAAAAAAAAAAAAAAAAAAADTFybCSCsABQAAADEaV0hPX0RDT19XSERfMjAxMy4yX2ZyZS5wZGYAAAAAAAAAAAAAAAAAAAAAAAAAAAAAAAAAAAAAAAAAAAAAAAAAAAAORdNCzu0AAAAAAAAAAAACAAMAAA0CAAAAAAAAAAAAAAAAAAAAA2RvYwAAEAAIAADTFxiyAAAAEQAIAADTQrLNAAAAAQAQAAAAMQAAACQAAAAfAAAAGQACAEBwYTpwcm9qZWN0OgBoeXBlcnRlbnNpb246AGFzc2V0OgBkb2M6AFdIT19EQ09fV0hEXzIwMTMuMl9mcmUucGRmAA4ANgAaAFcASABPAF8ARABDAE8AXwBXAEgARABfADIAMAAxADMALgAyAF8AZgByAGUALgBwAGQAZgAPAAYAAgBwAGEAEgA6L3Byb2plY3QvaHlwZXJ0ZW5zaW9uL2Fzc2V0L2RvYy9XSE9fRENPX1dIRF8yMDEzLjJfZnJlLnBkZgATAAsvVm9sdW1lcy9wYQAAFAFsAAAAAAFsAAIAAQpIYXJkIERyaXZlAAAAAAAAAAAAAAAAAAAAAADR2WSvSCsAAAAGxUUPcGEuc3BhcnNlYnVuZGxlAAAAAAAAAAAAAAAAAAAAAAAAAAAAAAAAAAAAAAAAAAAAAAAAAAAAAAAAAAAAAAAAAWB6u9MXJsIAAAAAAAAAAP////8AAAkgAAAAAAAAAAAAAAAAAAAACmZyZWRtb250ZXQAEAAIAADR2UiPAAAAEQAIAADTFxiyAAAAAQAIAAbFRQACmA8AAgAtSGFyZCBEcml2ZTpVc2VyczoAZnJlZG1vbnRldDoAcGEuc3BhcnNlYnVuZGxlAAAOACAADwBwAGEALgBzAHAAYQByAHMAZQBiAHUAbgBkAGwAZQAPABYACgBIAGEAcgBkACAARAByAGkAdgBlABIAIFVzZXJzL2ZyZWRtb250ZXQvcGEuc3BhcnNlYnVuZGxlABMAAS8AABUAAgAR//8AAP//AACABtIbHB0eWiRjbGFzc25hbWVYJGNsYXNzZXNdTlNNdXRhYmxlRGF0YaMdHyBWTlNEYXRhWE5TT2JqZWN00hscIiNcTlNEaWN0aW9uYXJ5oiIgXxAPTlNLZXllZEFyY2hpdmVy0SYnVHJvb3SAAQAIABEAGgAjAC0AMgA3AEAARgBNAFUAYABnAGoAbABuAHEAcwB1AHcAhACOALsAwADIA+AD4gPnA/ID+wQJBA0EFAQdBCIELwQyBEQERwRMAAAAAAAAAgEAAAAAAAAAKAAAAAAAAAAAAAAAAAAABE4=}}

@book{Obsan:2015,
	Author = {Nicole Bachmann, Laila Burla, Dimitri Kohler},
	Date-Added = {2016-04-24 17:19:43 +0000},
	Date-Modified = {2016-04-24 17:23:51 +0000},
	Editor = {Observatoire suisse de la sant{\'e}, Neuch{\^a}tel},
	Publisher = {Hogrefe Publishing Group},
	Title = {La sant{\'e} en Suisse -- Le point sur les maladies chroniques},
	Year = {2015},
	Bdsk-File-1 = {YnBsaXN0MDDUAQIDBAUGJCVYJHZlcnNpb25YJG9iamVjdHNZJGFyY2hpdmVyVCR0b3ASAAGGoKgHCBMUFRYaIVUkbnVsbNMJCgsMDxJXTlMua2V5c1pOUy5vYmplY3RzViRjbGFzc6INDoACgAOiEBGABIAFgAdccmVsYXRpdmVQYXRoWWFsaWFzRGF0YV8QKS4uLy4uL2Fzc2V0L2RvYy9yYXBwb3J0c2FudGVfMjAxNV9mXzAucGRm0hcLGBlXTlMuZGF0YU8RAxIAAAAAAxIAAgAAAnBhAAAAAAAAAAAAAAAAAAAAAAAAAAAAAAAAANMXJsJIKwAFAAAAMRlyYXBwb3J0c2FudGVfMjAxNV9mXzAucGRmAAAAAAAAAAAAAAAAAAAAAAAAAAAAAAAAAAAAAAAAAAAAAAAAAAAAAA5A00LMkwAAAAAAAAAAAAIAAwAADQIAAAAAAAAAAAAAAAAAAAADZG9jAAAQAAgAANMXGLIAAAARAAgAANNCsHMAAAABABAAAAAxAAAAJAAAAB8AAAAZAAIAP3BhOnByb2plY3Q6AGh5cGVydGVuc2lvbjoAYXNzZXQ6AGRvYzoAcmFwcG9ydHNhbnRlXzIwMTVfZl8wLnBkZgAADgA0ABkAcgBhAHAAcABvAHIAdABzAGEAbgB0AGUAXwAyADAAMQA1AF8AZgBfADAALgBwAGQAZgAPAAYAAgBwAGEAEgA5L3Byb2plY3QvaHlwZXJ0ZW5zaW9uL2Fzc2V0L2RvYy9yYXBwb3J0c2FudGVfMjAxNV9mXzAucGRmAAATAAsvVm9sdW1lcy9wYQAAFAFsAAAAAAFsAAIAAQpIYXJkIERyaXZlAAAAAAAAAAAAAAAAAAAAAADR2WSvSCsAAAAGxUUPcGEuc3BhcnNlYnVuZGxlAAAAAAAAAAAAAAAAAAAAAAAAAAAAAAAAAAAAAAAAAAAAAAAAAAAAAAAAAAAAAAAAAWB6u9MXJsIAAAAAAAAAAP////8AAAkgAAAAAAAAAAAAAAAAAAAACmZyZWRtb250ZXQAEAAIAADR2UiPAAAAEQAIAADTFxiyAAAAAQAIAAbFRQACmA8AAgAtSGFyZCBEcml2ZTpVc2VyczoAZnJlZG1vbnRldDoAcGEuc3BhcnNlYnVuZGxlAAAOACAADwBwAGEALgBzAHAAYQByAHMAZQBiAHUAbgBkAGwAZQAPABYACgBIAGEAcgBkACAARAByAGkAdgBlABIAIFVzZXJzL2ZyZWRtb250ZXQvcGEuc3BhcnNlYnVuZGxlABMAAS8AABUAAgAR//8AAP//AACABtIbHB0eWiRjbGFzc25hbWVYJGNsYXNzZXNdTlNNdXRhYmxlRGF0YaMdHyBWTlNEYXRhWE5TT2JqZWN00hscIiNcTlNEaWN0aW9uYXJ5oiIgXxAPTlNLZXllZEFyY2hpdmVy0SYnVHJvb3SAAQAIABEAGgAjAC0AMgA3AEAARgBNAFUAYABnAGoAbABuAHEAcwB1AHcAhACOALoAvwDHA90D3wPkA+8D+AQGBAoEEQQaBB8ELAQvBEEERARJAAAAAAAAAgEAAAAAAAAAKAAAAAAAAAAAAAAAAAAABEs=}}

@webpage{STPH:Cardio,
	Date-Added = {2016-04-24 17:14:45 +0000},
	Date-Modified = {2016-04-24 17:16:20 +0000},
	Lastchecked = {24.04.2016},
	Url = {http://www.swisstph.ch/about-us/departments/epidemiology-and-public-health-eph/eph-research-topics-epidemiology/cardiovascular-diseases.html},
	Bdsk-Url-1 = {http://www.swisstph.ch/about-us/departments/epidemiology-and-public-health-eph/eph-research-topics-epidemiology/cardiovascular-diseases.html}}

@url{OFS:HTA,
	Abstract = {27% de la population ont d{\'e}j{\`a} fait l'objet au moins une fois d'un diagnostic m{\'e}dical d'hypertension, les hommes dans une plus grande proportion que les femmes (28% contre 26%). Ce taux augmente avec l'{\^a}ge et varie selon le niveau de formation. Les personnes avec un degr{\'e} tertiaire sont moins concern{\'e}es par des probl{\`e}mes d'hypertension que celles avec un niveau de formation correspondant {\`a} la scolarit{\'e} obligatoire (25% contre 38%). L'hypertension est fortement li{\'e}e aux modes de vie comme par exemple faire de l'exercice ou le r{\'e}gime alimentaire. En 15 ans, la part des personnes ayant d{\'e}j{\`a} eu un diagnostic d'hypertension au cours de leur vie a augment{\'e} de sept points de pourcentage. L'augmentation est particuli{\`e}rement marqu{\'e}e chez les hommes et de mani{\`e}re g{\'e}n{\'e}rale chez les personnes de 75 ans et plus.},
	Date-Added = {2016-04-24 17:01:34 +0000},
	Date-Modified = {2016-05-17 06:58:06 +0000},
	Lastchecked = {24.04.2016},
	Month = {April},
	Title = {Diagnostic m{\'e}dical de l'hypertension par {\^a}ge, sexe, r{\'e}gion linguistique, niveau de formation},
	Url = {http://www.bfs.admin.ch/bfs/portal/fr/index/themen/14/02/01/key/02/02.html},
	Year = {2016},
	Bdsk-Url-1 = {http://www.bfs.admin.ch/bfs/portal/fr/index/themen/14/02/01/key/02/02.html}}

@webpage{multipleRegression,
	Date-Added = {2016-04-21 09:58:54 +0000},
	Date-Modified = {2016-04-21 09:59:22 +0000},
	Lastchecked = {21.04.16},
	Url = {https://statistics.laerd.com/spss-tutorials/multiple-regression-using-spss-statistics.php},
	Bdsk-Url-1 = {https://statistics.laerd.com/spss-tutorials/multiple-regression-using-spss-statistics.php}}

@webpage{:partialCorrelation,
	Date-Added = {2016-04-21 09:51:46 +0000},
	Date-Modified = {2016-04-21 09:55:48 +0000},
	Keywords = {partial correlation},
	Lastchecked = {21.04.16},
	Title = {Partial correlation},
	Url = {https://statistics.laerd.com/spss-tutorials/partial-correlation-using-spss-statistics.php},
	Bdsk-Url-1 = {https://statistics.laerd.com/spss-tutorials/partial-correlation-using-spss-statistics.php}}

@article{Kearney:2005,
	Abstract = {BACKGROUND: Reliable information about the prevalence of hypertension in different world regions is essential to the development of national and international health policies for prevention and control of this condition. We aimed to pool data from different regions of the world to estimate the overall prevalence and absolute burden of hypertension in 2000, and to estimate the global burden in 2025.
METHODS: We searched the published literature from Jan 1, 1980, to Dec 31, 2002, using MEDLINE, supplemented by a manual search of bibliographies of retrieved articles. We included studies that reported sex-specific and age-specific prevalence of hypertension in representative population samples. All data were obtained independently by two investigators with a standardised protocol and data-collection form.
RESULTS: Overall, 26.4% (95% CI 26.0-26.8%) of the adult population in 2000 had hypertension (26.6% of men [26.0-27.2%] and 26.1% of women [25.5-26.6%]), and 29.2% (28.8-29.7%) were projected to have this condition by 2025 (29.0% of men [28.6-29.4%] and 29.5% of women [29.1-29.9%]). The estimated total number of adults with hypertension in 2000 was 972 million (957-987 million); 333 million (329-336 million) in economically developed countries and 639 million (625-654 million) in economically developing countries. The number of adults with hypertension in 2025 was predicted to increase by about 60% to a total of 1.56 billion (1.54-1.58 billion).
INTERPRETATION: Hypertension is an important public-health challenge worldwide. Prevention, detection, treatment, and control of this condition should receive high priority.},
	Author = {Kearney, Patricia M and Whelton, Megan and Reynolds, Kristi and Muntner, Paul and Whelton, Paul K and He, Jiang},
	Date = {2005 Jan 15-21},
	Date-Added = {2016-04-21 08:32:24 +0000},
	Date-Modified = {2016-04-24 16:29:29 +0000},
	Doi = {10.1016/S0140-6736(05)17741-1},
	Journal = {Lancet},
	Journal-Full = {Lancet (London, England)},
	Mesh = {Adolescent; Adult; Aged; Female; Global Health; Humans; Hypertension; Male; Middle Aged; Prevalence},
	Number = {9455},
	Pages = {217-23},
	Pmid = {15652604},
	Pst = {ppublish},
	Title = {Global burden of hypertension: analysis of worldwide data},
	Volume = {365},
	Year = {2005},
	Bdsk-File-1 = {YnBsaXN0MDDUAQIDBAUGJCVYJHZlcnNpb25YJG9iamVjdHNZJGFyY2hpdmVyVCR0b3ASAAGGoKgHCBMUFRYaIVUkbnVsbNMJCgsMDxJXTlMua2V5c1pOUy5vYmplY3RzViRjbGFzc6INDoACgAOiEBGABIAFgAdccmVsYXRpdmVQYXRoWWFsaWFzRGF0YV8QMS4uLy4uL2Fzc2V0L2RvYy8xLXMyLjAtUzAxNDA2NzM2MDUxNzc0MTEtbWFpbi5wZGbSFwsYGVdOUy5kYXRhTxEDMAAAAAADMAACAAACcGEAAAAAAAAAAAAAAAAAAAAAAAAAAAAAAAAA0xcmwkgrAAUAAAAxHzEtczIuMC1TMDE0MDY3MzYwNTE3NzQxI0RCQi5wZGYAAAAAAAAAAAAAAAAAAAAAAAAAAAAAAAAAAAAAAAAAAAAADbvTPlx8AAAAAAAAAAAAAgADAAANAgAAAAAAAAAAAAAAAAAAAANkb2MAABAACAAA0xcYsgAAABEACAAA0z5AXAAAAAEAEAAAADEAAAAkAAAAHwAAABkAAgBFcGE6cHJvamVjdDoAaHlwZXJ0ZW5zaW9uOgBhc3NldDoAZG9jOgAxLXMyLjAtUzAxNDA2NzM2MDUxNzc0MSNEQkIucGRmAAAOAEQAIQAxAC0AcwAyAC4AMAAtAFMAMAAxADQAMAA2ADcAMwA2ADAANQAxADcANwA0ADEAMQAtAG0AYQBpAG4ALgBwAGQAZgAPAAYAAgBwAGEAEgBBL3Byb2plY3QvaHlwZXJ0ZW5zaW9uL2Fzc2V0L2RvYy8xLXMyLjAtUzAxNDA2NzM2MDUxNzc0MTEtbWFpbi5wZGYAABMACy9Wb2x1bWVzL3BhAAAUAWwAAAAAAWwAAgABCkhhcmQgRHJpdmUAAAAAAAAAAAAAAAAAAAAAANHZZK9IKwAAAAbFRQ9wYS5zcGFyc2VidW5kbGUAAAAAAAAAAAAAAAAAAAAAAAAAAAAAAAAAAAAAAAAAAAAAAAAAAAAAAAAAAAAAAAABYHq70xcmwgAAAAAAAAAA/////wAACSAAAAAAAAAAAAAAAAAAAAAKZnJlZG1vbnRldAAQAAgAANHZSI8AAAARAAgAANMXGLIAAAABAAgABsVFAAKYDwACAC1IYXJkIERyaXZlOlVzZXJzOgBmcmVkbW9udGV0OgBwYS5zcGFyc2VidW5kbGUAAA4AIAAPAHAAYQAuAHMAcABhAHIAcwBlAGIAdQBuAGQAbABlAA8AFgAKAEgAYQByAGQAIABEAHIAaQB2AGUAEgAgVXNlcnMvZnJlZG1vbnRldC9wYS5zcGFyc2VidW5kbGUAEwABLwAAFQACABH//wAA//8AAIAG0hscHR5aJGNsYXNzbmFtZVgkY2xhc3Nlc11OU011dGFibGVEYXRhox0fIFZOU0RhdGFYTlNPYmplY3TSGxwiI1xOU0RpY3Rpb25hcnmiIiBfEA9OU0tleWVkQXJjaGl2ZXLRJidUcm9vdIABAAgAEQAaACMALQAyADcAQABGAE0AVQBgAGcAagBsAG4AcQBzAHUAdwCEAI4AwgDHAM8EAwQFBAoEFQQeBCwEMAQ3BEAERQRSBFUEZwRqBG8AAAAAAAACAQAAAAAAAAAoAAAAAAAAAAAAAAAAAAAEcQ==},
	Bdsk-Url-1 = {http://dx.doi.org/10.1016/S0140-6736(05)17741-1}}

@article{Bochud:2014,
	Author = {Heba Alwan, Menno Pruijm, Belen Ponte, Daniel Ackermann, Idris Guessous, Georg Ehret, Jan A. Staessen, Kei Asayama, Philippe Vuistiner, Sandrine Estoppey Younes, Fred Paccaud, Gr{\'e}goire Wuerzner, Antoinette Pechere-Bertschi, Markus Mohaupt, Bruno Vogt, Pierre-Yves Martin, Michel Burnier, Murielle Bochud},
	Date-Added = {2016-04-20 09:28:51 +0000},
	Date-Modified = {2016-04-24 16:43:42 +0000},
	Journal = {Plos one},
	Month = {March},
	Number = {3},
	Pages = {9},
	Publisher = {Plos one},
	Title = {Epidemiology of Masked and White-Coat Hypertension: The Family-Based SKIPOGH Study},
	Volume = {9},
	Year = {2014},
	Bdsk-File-1 = {YnBsaXN0MDDUAQIDBAUGJCVYJHZlcnNpb25YJG9iamVjdHNZJGFyY2hpdmVyVCR0b3ASAAGGoKgHCBMUFRYaIVUkbnVsbNMJCgsMDxJXTlMua2V5c1pOUy5vYmplY3RzViRjbGFzc6INDoACgAOiEBGABIAFgAdccmVsYXRpdmVQYXRoWWFsaWFzRGF0YV8QKC4uLy4uL2Fzc2V0L2RvYy9qb3VybmFsLnBvbmUuMDA5MjUyMi5QREbSFwsYGVdOUy5kYXRhTxEDDAAAAAADDAACAAACcGEAAAAAAAAAAAAAAAAAAAAAAAAAAAAAAAAA0xcmwkgrAAUAAAAxGGpvdXJuYWwucG9uZS4wMDkyNTIyLlBERgAAAAAAAAAAAAAAAAAAAAAAAAAAAAAAAAAAAAAAAAAAAAAAAAAAAAAALF/TPRgJAAAAAAAAAAAAAgADAAANAgAAAAAAAAAAAAAAAAAAAANkb2MAABAACAAA0xcYsgAAABEACAAA0zz76QAAAAEAEAAAADEAAAAkAAAAHwAAABkAAgA+cGE6cHJvamVjdDoAaHlwZXJ0ZW5zaW9uOgBhc3NldDoAZG9jOgBqb3VybmFsLnBvbmUuMDA5MjUyMi5QREYADgAyABgAagBvAHUAcgBuAGEAbAAuAHAAbwBuAGUALgAwADAAOQAyADUAMgAyAC4AUABEAEYADwAGAAIAcABhABIAOC9wcm9qZWN0L2h5cGVydGVuc2lvbi9hc3NldC9kb2Mvam91cm5hbC5wb25lLjAwOTI1MjIuUERGABMACy9Wb2x1bWVzL3BhAAAUAWwAAAAAAWwAAgABCkhhcmQgRHJpdmUAAAAAAAAAAAAAAAAAAAAAANHZZK9IKwAAAAbFRQ9wYS5zcGFyc2VidW5kbGUAAAAAAAAAAAAAAAAAAAAAAAAAAAAAAAAAAAAAAAAAAAAAAAAAAAAAAAAAAAAAAAABYHq70xcmwgAAAAAAAAAA/////wAACSAAAAAAAAAAAAAAAAAAAAAKZnJlZG1vbnRldAAQAAgAANHZSI8AAAARAAgAANMXGLIAAAABAAgABsVFAAKYDwACAC1IYXJkIERyaXZlOlVzZXJzOgBmcmVkbW9udGV0OgBwYS5zcGFyc2VidW5kbGUAAA4AIAAPAHAAYQAuAHMAcABhAHIAcwBlAGIAdQBuAGQAbABlAA8AFgAKAEgAYQByAGQAIABEAHIAaQB2AGUAEgAgVXNlcnMvZnJlZG1vbnRldC9wYS5zcGFyc2VidW5kbGUAEwABLwAAFQACABH//wAA//8AAIAG0hscHR5aJGNsYXNzbmFtZVgkY2xhc3Nlc11OU011dGFibGVEYXRhox0fIFZOU0RhdGFYTlNPYmplY3TSGxwiI1xOU0RpY3Rpb25hcnmiIiBfEA9OU0tleWVkQXJjaGl2ZXLRJidUcm9vdIABAAgAEQAaACMALQAyADcAQABGAE0AVQBgAGcAagBsAG4AcQBzAHUAdwCEAI4AuQC+AMYD1gPYA90D6APxA/8EAwQKBBMEGAQlBCgEOgQ9BEIAAAAAAAACAQAAAAAAAAAoAAAAAAAAAAAAAAAAAAAERA==}}

@book{Khullar:2012,
	Abstract = {This book, authored by renowned researchers in the field of Hypertension Research, details the state of the art knowledge in genetics, genomics and pathophysiology of Essential hypertension, specifically the genetic determinants of hypertension and role of gene variants in response to anti-hypertensive therapy. Two chapters describe mitochondrial mutations in Essential hypertension and in hypertension associated Left ventricular hypertrophy, one chapter reviews in detail the global gene expression in hypertension, and an up to date treatise on pathophysiology of resistant hypertension is detailed in another chapter. Other topics included in the book are end organ damage, baroreceptor sensitivity and role of music therapy in essential hypertension.},
	Author = {Padma Tirunilai and Padma Gunda},
	Date-Added = {2016-04-13 21:06:23 +0000},
	Date-Modified = {2016-04-24 16:43:02 +0000},
	Editor = {Prof. Madhu Khullar},
	Publisher = {InTech},
	Title = {Recent Trends in Hypertension Genetics Research, Genetics and Pathophysiology of Essential Hypertension},
	Year = {2012},
	Bdsk-File-1 = {YnBsaXN0MDDUAQIDBAUGJCVYJHZlcnNpb25YJG9iamVjdHNZJGFyY2hpdmVyVCR0b3ASAAGGoKgHCBMUFRYaIVUkbnVsbNMJCgsMDxJXTlMua2V5c1pOUy5vYmplY3RzViRjbGFzc6INDoACgAOiEBGABIAFgAdccmVsYXRpdmVQYXRoWWFsaWFzRGF0YV8QGS4uLy4uL2Fzc2V0L2RvYy8zMTAxMi5wZGbSFwsYGVdOUy5kYXRhTxEC0gAAAAAC0gACAAACcGEAAAAAAAAAAAAAAAAAAAAAAAAAAAAAAAAA0xcmwkgrAAUAAAAxCTMxMDEyLnBkZgAAAAAAAAAAAAAAAAAAAAAAAAAAAAAAAAAAAAAAAAAAAAAAAAAAAAAAAAAAAAAAAAAAAAAAAAAACyXTNIFDAAAAAAAAAAAAAgADAAANAgAAAAAAAAAAAAAAAAAAAANkb2MAABAACAAA0xcYsgAAABEACAAA0zRlIwAAAAEAEAAAADEAAAAkAAAAHwAAABkAAgAvcGE6cHJvamVjdDoAaHlwZXJ0ZW5zaW9uOgBhc3NldDoAZG9jOgAzMTAxMi5wZGYAAA4AFAAJADMAMQAwADEAMgAuAHAAZABmAA8ABgACAHAAYQASACkvcHJvamVjdC9oeXBlcnRlbnNpb24vYXNzZXQvZG9jLzMxMDEyLnBkZgAAEwALL1ZvbHVtZXMvcGEAABQBbAAAAAABbAACAAEKSGFyZCBEcml2ZQAAAAAAAAAAAAAAAAAAAAAA0dlkr0grAAAABsVFD3BhLnNwYXJzZWJ1bmRsZQAAAAAAAAAAAAAAAAAAAAAAAAAAAAAAAAAAAAAAAAAAAAAAAAAAAAAAAAAAAAAAAAFgervTFybCAAAAAAAAAAD/////AAAJIAAAAAAAAAAAAAAAAAAAAApmcmVkbW9udGV0ABAACAAA0dlIjwAAABEACAAA0xcYsgAAAAEACAAGxUUAApgPAAIALUhhcmQgRHJpdmU6VXNlcnM6AGZyZWRtb250ZXQ6AHBhLnNwYXJzZWJ1bmRsZQAADgAgAA8AcABhAC4AcwBwAGEAcgBzAGUAYgB1AG4AZABsAGUADwAWAAoASABhAHIAZAAgAEQAcgBpAHYAZQASACBVc2Vycy9mcmVkbW9udGV0L3BhLnNwYXJzZWJ1bmRsZQATAAEvAAAVAAIAEf//AAD//wAAgAbSGxwdHlokY2xhc3NuYW1lWCRjbGFzc2VzXU5TTXV0YWJsZURhdGGjHR8gVk5TRGF0YVhOU09iamVjdNIbHCIjXE5TRGljdGlvbmFyeaIiIF8QD05TS2V5ZWRBcmNoaXZlctEmJ1Ryb290gAEACAARABoAIwAtADIANwBAAEYATQBVAGAAZwBqAGwAbgBxAHMAdQB3AIQAjgCqAK8AtwONA48DlAOfA6gDtgO6A8EDygPPA9wD3wPxA/QD+QAAAAAAAAIBAAAAAAAAACgAAAAAAAAAAAAAAAAAAAP7}}

@article{Lifton:2001,
	Author = {Lifton, R P and Gharavi, A G and Geller, D S},
	Date-Added = {2016-04-13 21:03:37 +0000},
	Date-Modified = {2016-05-17 06:56:11 +0000},
	Journal = {Cell},
	Journal-Full = {Cell},
	Mesh = {Aldosterone; Animals; Female; Genes, Recessive; Humans; Hypertension; Male; Mineralocorticoids; Models, Biological; Mutation; Pregnancy; Pregnancy Complications, Cardiovascular; Pseudohypoaldosteronism; Syndrome},
	Month = {Feb},
	Number = {4},
	Pages = {545-56},
	Pmid = {11239411},
	Pst = {ppublish},
	Title = {Molecular mechanisms of human hypertension},
	Volume = {104},
	Year = {2001},
	Bdsk-File-1 = {YnBsaXN0MDDUAQIDBAUGJCVYJHZlcnNpb25YJG9iamVjdHNZJGFyY2hpdmVyVCR0b3ASAAGGoKgHCBMUFRYaIVUkbnVsbNMJCgsMDxJXTlMua2V5c1pOUy5vYmplY3RzViRjbGFzc6INDoACgAOiEBGABIAFgAdccmVsYXRpdmVQYXRoWWFsaWFzRGF0YV8QMS4uLy4uL2Fzc2V0L2RvYy8xLXMyLjAtUzAwOTI4Njc0MDEwMDI0MTAtbWFpbi5wZGbSFwsYGVdOUy5kYXRhTxEDMAAAAAADMAACAAACcGEAAAAAAAAAAAAAAAAAAAAAAAAAAAAAAAAA0xcmwkgrAAUAAAAxHzEtczIuMC1TMDA5Mjg2NzQwMTAwMjQxI0RFOS5wZGYAAAAAAAAAAAAAAAAAAAAAAAAAAAAAAAAAAAAAAAAAAAAADenTNIC3AAAAAAAAAAAAAgADAAANAgAAAAAAAAAAAAAAAAAAAANkb2MAABAACAAA0xcYsgAAABEACAAA0zRklwAAAAEAEAAAADEAAAAkAAAAHwAAABkAAgBFcGE6cHJvamVjdDoAaHlwZXJ0ZW5zaW9uOgBhc3NldDoAZG9jOgAxLXMyLjAtUzAwOTI4Njc0MDEwMDI0MSNERTkucGRmAAAOAEQAIQAxAC0AcwAyAC4AMAAtAFMAMAAwADkAMgA4ADYANwA0ADAAMQAwADAAMgA0ADEAMAAtAG0AYQBpAG4ALgBwAGQAZgAPAAYAAgBwAGEAEgBBL3Byb2plY3QvaHlwZXJ0ZW5zaW9uL2Fzc2V0L2RvYy8xLXMyLjAtUzAwOTI4Njc0MDEwMDI0MTAtbWFpbi5wZGYAABMACy9Wb2x1bWVzL3BhAAAUAWwAAAAAAWwAAgABCkhhcmQgRHJpdmUAAAAAAAAAAAAAAAAAAAAAANHZZK9IKwAAAAbFRQ9wYS5zcGFyc2VidW5kbGUAAAAAAAAAAAAAAAAAAAAAAAAAAAAAAAAAAAAAAAAAAAAAAAAAAAAAAAAAAAAAAAABYHq70xcmwgAAAAAAAAAA/////wAACSAAAAAAAAAAAAAAAAAAAAAKZnJlZG1vbnRldAAQAAgAANHZSI8AAAARAAgAANMXGLIAAAABAAgABsVFAAKYDwACAC1IYXJkIERyaXZlOlVzZXJzOgBmcmVkbW9udGV0OgBwYS5zcGFyc2VidW5kbGUAAA4AIAAPAHAAYQAuAHMAcABhAHIAcwBlAGIAdQBuAGQAbABlAA8AFgAKAEgAYQByAGQAIABEAHIAaQB2AGUAEgAgVXNlcnMvZnJlZG1vbnRldC9wYS5zcGFyc2VidW5kbGUAEwABLwAAFQACABH//wAA//8AAIAG0hscHR5aJGNsYXNzbmFtZVgkY2xhc3Nlc11OU011dGFibGVEYXRhox0fIFZOU0RhdGFYTlNPYmplY3TSGxwiI1xOU0RpY3Rpb25hcnmiIiBfEA9OU0tleWVkQXJjaGl2ZXLRJidUcm9vdIABAAgAEQAaACMALQAyADcAQABGAE0AVQBgAGcAagBsAG4AcQBzAHUAdwCEAI4AwgDHAM8EAwQFBAoEFQQeBCwEMAQ3BEAERQRSBFUEZwRqBG8AAAAAAAACAQAAAAAAAAAoAAAAAAAAAAAAAAAAAAAEcQ==}}

@article{Timio:1988,
	Author = {M Timio, P Verdecchia, S Venanzi, S Gentili, M Ronconi, B Francucci, M Montanari and E Bichisao},
	Date-Added = {2016-04-13 20:59:12 +0000},
	Date-Modified = {2016-04-24 16:46:45 +0000},
	Journal = {Hypertension},
	Number = {4},
	Pages = {457-461},
	Title = {Age and blood pressure changes. A 20-year follow-up study in nuns in a secluded order.},
	Volume = {12},
	Year = {October 1988},
	Bdsk-File-1 = {YnBsaXN0MDDUAQIDBAUGJCVYJHZlcnNpb25YJG9iamVjdHNZJGFyY2hpdmVyVCR0b3ASAAGGoKgHCBMUFRYaIVUkbnVsbNMJCgsMDxJXTlMua2V5c1pOUy5vYmplY3RzViRjbGFzc6INDoACgAOiEBGABIAFgAdccmVsYXRpdmVQYXRoWWFsaWFzRGF0YV8QMi4uLy4uL2Fzc2V0L2RvYy9IeXBlcnRlbnNpb24tMTk4OC1UaW1pby00NTctNjEucGRm0hcLGBlXTlMuZGF0YU8RAzIAAAAAAzIAAgAAAnBhAAAAAAAAAAAAAAAAAAAAAAAAAAAAAAAAANMXJsJIKwAFAAAAMR9IeXBlcnRlbnNpb24tMTk4OC1UaW1pbyNCMUYucGRmAAAAAAAAAAAAAAAAAAAAAAAAAAAAAAAAAAAAAAAAAAAAAAsf0zR/ogAAAAAAAAAAAAIAAwAADQIAAAAAAAAAAAAAAAAAAAADZG9jAAAQAAgAANMXGLIAAAARAAgAANM0Y4IAAAABABAAAAAxAAAAJAAAAB8AAAAZAAIARXBhOnByb2plY3Q6AGh5cGVydGVuc2lvbjoAYXNzZXQ6AGRvYzoASHlwZXJ0ZW5zaW9uLTE5ODgtVGltaW8jQjFGLnBkZgAADgBGACIASAB5AHAAZQByAHQAZQBuAHMAaQBvAG4ALQAxADkAOAA4AC0AVABpAG0AaQBvAC0ANAA1ADcALQA2ADEALgBwAGQAZgAPAAYAAgBwAGEAEgBCL3Byb2plY3QvaHlwZXJ0ZW5zaW9uL2Fzc2V0L2RvYy9IeXBlcnRlbnNpb24tMTk4OC1UaW1pby00NTctNjEucGRmABMACy9Wb2x1bWVzL3BhAAAUAWwAAAAAAWwAAgABCkhhcmQgRHJpdmUAAAAAAAAAAAAAAAAAAAAAANHZZK9IKwAAAAbFRQ9wYS5zcGFyc2VidW5kbGUAAAAAAAAAAAAAAAAAAAAAAAAAAAAAAAAAAAAAAAAAAAAAAAAAAAAAAAAAAAAAAAABYHq70xcmwgAAAAAAAAAA/////wAACSAAAAAAAAAAAAAAAAAAAAAKZnJlZG1vbnRldAAQAAgAANHZSI8AAAARAAgAANMXGLIAAAABAAgABsVFAAKYDwACAC1IYXJkIERyaXZlOlVzZXJzOgBmcmVkbW9udGV0OgBwYS5zcGFyc2VidW5kbGUAAA4AIAAPAHAAYQAuAHMAcABhAHIAcwBlAGIAdQBuAGQAbABlAA8AFgAKAEgAYQByAGQAIABEAHIAaQB2AGUAEgAgVXNlcnMvZnJlZG1vbnRldC9wYS5zcGFyc2VidW5kbGUAEwABLwAAFQACABH//wAA//8AAIAG0hscHR5aJGNsYXNzbmFtZVgkY2xhc3Nlc11OU011dGFibGVEYXRhox0fIFZOU0RhdGFYTlNPYmplY3TSGxwiI1xOU0RpY3Rpb25hcnmiIiBfEA9OU0tleWVkQXJjaGl2ZXLRJidUcm9vdIABAAgAEQAaACMALQAyADcAQABGAE0AVQBgAGcAagBsAG4AcQBzAHUAdwCEAI4AwwDIANAEBgQIBA0EGAQhBC8EMwQ6BEMESARVBFgEagRtBHIAAAAAAAACAQAAAAAAAAAoAAAAAAAAAAAAAAAAAAAEdA==}}

@article{Amsterdam:2010aa,
	Abstract = {Anabolic-androgenic steroids (AAS) are synthetic drugs derived from testosterone. Illegally, these drugs are regularly self-administered by body builders and power lifters to enhance their sportive performance. Adverse side effects of AAS include sexual dysfunction, alterations of the cardiovascular system, psyche and behavior, and liver toxicity. However, severe side effects appear only following prolonged use of AAS at high dose and their occurrence is limited. Occasionally, AAS abuse may be linked to certain social and psychological traits of the user, like low self-esteem, low self-confidence, suffered hostility, childhood conduct disorder, and tendency to high-risk behavior. The overwhelming stereotype about AAS is that these compounds cause aggressive behavior in males. However, the underlying personality traits of a specific subgroup of the AAS abusers, who show aggression and hostility, may be relevant, as well. Use of AAS in combination with alcohol largely increases the risk of violence and aggression. The dependence liability of AAS is very low, and withdrawal effects are relatively mild. Based on the scores for acute and chronic adverse health effects, the prevalence of use, social harm and criminality, AAS were ranked among 19 illicit drugs as a group of drugs with a relatively low harm.},
	Author = {van Amsterdam, Jan and Opperhuizen, Antoon and Hartgens, Fred},
	Date-Added = {2016-04-13 20:51:59 +0000},
	Date-Modified = {2016-04-13 20:51:59 +0000},
	Doi = {10.1016/j.yrtph.2010.02.001},
	Journal = {Regul Toxicol Pharmacol},
	Journal-Full = {Regulatory toxicology and pharmacology : RTP},
	Mesh = {Anabolic Agents; Doping in Sports; Female; Humans; Male; Substance-Related Disorders; Testosterone Congeners},
	Month = {Jun},
	Number = {1},
	Pages = {117-23},
	Pmid = {20153798},
	Pst = {ppublish},
	Title = {Adverse health effects of anabolic-androgenic steroids},
	Volume = {57},
	Year = {2010},
	Bdsk-File-1 = {YnBsaXN0MDDUAQIDBAUGJCVYJHZlcnNpb25YJG9iamVjdHNZJGFyY2hpdmVyVCR0b3ASAAGGoKgHCBMUFRYaIVUkbnVsbNMJCgsMDxJXTlMua2V5c1pOUy5vYmplY3RzViRjbGFzc6INDoACgAOiEBGABIAFgAdccmVsYXRpdmVQYXRoWWFsaWFzRGF0YV8Qvi4uLy4uLy4uLy4uLy4uLy4uL1VzZXJzL2ZyZWRtb250ZXQvLlRyYXNoL1NjaWVuY2VkaXJlY3RfYXJ0aWNsZXNfMTNBcHIyMDE2XzE2LTUxLTI1LjMyNy9BZHZlcnNlLWhlYWx0aC1lZmZlY3RzLW9mLWFuYWJvbGljLWFuZHJvZ2VuaWMtc3Rlcm9pZHNfMjAxMF9SZWd1bGF0b3J5LVRveGljb2xvZ3ktYW5kLVBoYXJtYWNvbG9neS5wZGbSFwsYGVdOUy5kYXRhTxEC/AAAAAAC/AACAAAKSGFyZCBEcml2ZQAAAAAAAAAAAAAAAAAAAAAA0dlkr0grAAABe5dhH0FkdmVyc2UtaGVhbHRoLWVmZmUjMTdCOTc2NC5wZGYAAAAAAAAAAAAAAAAAAAAAAAAAAAAAAAAAAAAAAAAAAAF7l2TTNCmSAAAAAAAAAAD/////AAAJIAAAAAAAAAAAAAAAAAAAAB9TY2llbmNlZGlyZWN0X2FydGljIzE3Qjk3NjEuMzI3AAAQAAgAANHZSI8AAAARAAgAANM0DXIAAAABABABe5dhAXSlzQAGxUUAApgPAAIAZkhhcmQgRHJpdmU6VXNlcnM6AGZyZWRtb250ZXQ6AC5UcmFzaDoAU2NpZW5jZWRpcmVjdF9hcnRpYyMxN0I5NzYxLjMyNzoAQWR2ZXJzZS1oZWFsdGgtZWZmZSMxN0I5NzY0LnBkZgAOAM4AZgBBAGQAdgBlAHIAcwBlAC0AaABlAGEAbAB0AGgALQBlAGYAZgBlAGMAdABzAC0AbwBmAC0AYQBuAGEAYgBvAGwAaQBjAC0AYQBuAGQAcgBvAGcAZQBuAGkAYwAtAHMAdABlAHIAbwBpAGQAcwBfADIAMAAxADAAXwBSAGUAZwB1AGwAYQB0AG8AcgB5AC0AVABvAHgAaQBjAG8AbABvAGcAeQAtAGEAbgBkAC0AUABoAGEAcgBtAGEAYwBvAGwAbwBnAHkALgBwAGQAZgAPABYACgBIAGEAcgBkACAARAByAGkAdgBlABIArFVzZXJzL2ZyZWRtb250ZXQvLlRyYXNoL1NjaWVuY2VkaXJlY3RfYXJ0aWNsZXNfMTNBcHIyMDE2XzE2LTUxLTI1LjMyNy9BZHZlcnNlLWhlYWx0aC1lZmZlY3RzLW9mLWFuYWJvbGljLWFuZHJvZ2VuaWMtc3Rlcm9pZHNfMjAxMF9SZWd1bGF0b3J5LVRveGljb2xvZ3ktYW5kLVBoYXJtYWNvbG9neS5wZGYAEwABLwAAFQACABH//wAAgAbSGxwdHlokY2xhc3NuYW1lWCRjbGFzc2VzXU5TTXV0YWJsZURhdGGjHR8gVk5TRGF0YVhOU09iamVjdNIbHCIjXE5TRGljdGlvbmFyeaIiIF8QD05TS2V5ZWRBcmNoaXZlctEmJ1Ryb290gAEACAARABoAIwAtADIANwBAAEYATQBVAGAAZwBqAGwAbgBxAHMAdQB3AIQAjgFPAVQBXARcBF4EYwRuBHcEhQSJBJAEmQSeBKsErgTABMMEyAAAAAAAAAIBAAAAAAAAACgAAAAAAAAAAAAAAAAAAATK},
	Bdsk-Url-1 = {http://dx.doi.org/10.1016/j.yrtph.2010.02.001}}

@article{Maravelias:2005aa,
	Abstract = {Anabolic-androgenic steroids (AAS) are used as ergogenic aids by athletes and non-athletes to enhance performance by augmenting muscular development and strength. AAS administration is often associated with various adverse effects that are generally dose related. High and multi-doses of AAS used for athletic enhancement can lead to serious and irreversible organ damage. Among the most common adverse effects of AAS are some degree of reduced fertility and gynecomastia in males and masculinization in women and children. Other adverse effects include hypertension and atherosclerosis, blood clotting, jaundice, hepatic neoplasms and carcinoma, tendon damage, psychiatric and behavioral disorders. More specifically, this article reviews the reproductive, hepatic, cardiovascular, hematological, cerebrovascular, musculoskeletal, endocrine, renal, immunologic and psychologic effects. Drug-prevention counseling to athletes is highlighted and the use of anabolic steroids is must be avoided, emphasizing that sports goals may be met within the framework of honest competition, free of doping substances.},
	Author = {Maravelias, C and Dona, A and Stefanidou, M and Spiliopoulou, C},
	Date-Added = {2016-04-13 20:51:55 +0000},
	Date-Modified = {2016-04-13 20:51:55 +0000},
	Doi = {10.1016/j.toxlet.2005.06.005},
	Journal = {Toxicol Lett},
	Journal-Full = {Toxicology letters},
	Mesh = {Aggression; Anabolic Agents; Androgens; Doping in Sports; Humans; Kidney; Liver; Reproduction},
	Month = {Sep},
	Number = {3},
	Pages = {167-75},
	Pmid = {16005168},
	Pst = {ppublish},
	Title = {Adverse effects of anabolic steroids in athletes. A constant threat},
	Volume = {158},
	Year = {2005},
	Bdsk-File-1 = {YnBsaXN0MDDUAQIDBAUGJCVYJHZlcnNpb25YJG9iamVjdHNZJGFyY2hpdmVyVCR0b3ASAAGGoKgHCBMUFRYaIVUkbnVsbNMJCgsMDxJXTlMua2V5c1pOUy5vYmplY3RzViRjbGFzc6INDoACgAOiEBGABIAFgAdccmVsYXRpdmVQYXRoWWFsaWFzRGF0YV8Qti4uLy4uLy4uLy4uLy4uLy4uL1VzZXJzL2ZyZWRtb250ZXQvLlRyYXNoL1NjaWVuY2VkaXJlY3RfYXJ0aWNsZXNfMTNBcHIyMDE2XzE2LTUxLTI1LjMyNy9BZHZlcnNlLWVmZmVjdHMtb2YtYW5hYm9saWMtc3Rlcm9pZHMtaW4tYXRobGV0ZXMtQS1jb25zdGFudC10aHJlYXRfMjAwNV9Ub3hpY29sb2d5LUxldHRlcnMucGRm0hcLGBlXTlMuZGF0YU8RAuQAAAAAAuQAAgAACkhhcmQgRHJpdmUAAAAAAAAAAAAAAAAAAAAAANHZZK9IKwAAAXuXYR9BZHZlcnNlLWVmZmVjdHMtb2YtIzE3Qjk3NjIucGRmAAAAAAAAAAAAAAAAAAAAAAAAAAAAAAAAAAAAAAAAAAABe5di0zQpjAAAAAAAAAAA/////wAACSAAAAAAAAAAAAAAAAAAAAAfU2NpZW5jZWRpcmVjdF9hcnRpYyMxN0I5NzYxLjMyNwAAEAAIAADR2UiPAAAAEQAIAADTNA1sAAAAAQAQAXuXYQF0pc0ABsVFAAKYDwACAGZIYXJkIERyaXZlOlVzZXJzOgBmcmVkbW9udGV0OgAuVHJhc2g6AFNjaWVuY2VkaXJlY3RfYXJ0aWMjMTdCOTc2MS4zMjc6AEFkdmVyc2UtZWZmZWN0cy1vZi0jMTdCOTc2Mi5wZGYADgC+AF4AQQBkAHYAZQByAHMAZQAtAGUAZgBmAGUAYwB0AHMALQBvAGYALQBhAG4AYQBiAG8AbABpAGMALQBzAHQAZQByAG8AaQBkAHMALQBpAG4ALQBhAHQAaABsAGUAdABlAHMALQBBAC0AYwBvAG4AcwB0AGEAbgB0AC0AdABoAHIAZQBhAHQAXwAyADAAMAA1AF8AVABvAHgAaQBjAG8AbABvAGcAeQAtAEwAZQB0AHQAZQByAHMALgBwAGQAZgAPABYACgBIAGEAcgBkACAARAByAGkAdgBlABIApFVzZXJzL2ZyZWRtb250ZXQvLlRyYXNoL1NjaWVuY2VkaXJlY3RfYXJ0aWNsZXNfMTNBcHIyMDE2XzE2LTUxLTI1LjMyNy9BZHZlcnNlLWVmZmVjdHMtb2YtYW5hYm9saWMtc3Rlcm9pZHMtaW4tYXRobGV0ZXMtQS1jb25zdGFudC10aHJlYXRfMjAwNV9Ub3hpY29sb2d5LUxldHRlcnMucGRmABMAAS8AABUAAgAR//8AAIAG0hscHR5aJGNsYXNzbmFtZVgkY2xhc3Nlc11OU011dGFibGVEYXRhox0fIFZOU0RhdGFYTlNPYmplY3TSGxwiI1xOU0RpY3Rpb25hcnmiIiBfEA9OU0tleWVkQXJjaGl2ZXLRJidUcm9vdIABAAgAEQAaACMALQAyADcAQABGAE0AVQBgAGcAagBsAG4AcQBzAHUAdwCEAI4BRwFMAVQEPAQ+BEMETgRXBGUEaQRwBHkEfgSLBI4EoASjBKgAAAAAAAACAQAAAAAAAAAoAAAAAAAAAAAAAAAAAAAEqg==},
	Bdsk-Url-1 = {http://dx.doi.org/10.1016/j.toxlet.2005.06.005}}

@article{Shahidi:2001aa,
	Abstract = {BACKGROUND: Since its discovery in 1935, numerous derivatives of testosterone have been synthesized, with the goals of prolonging its biological activity in vivo, producing orally active androgens, and developing products, commonly referred to as anabolic-androgenic steroids (AAS), that are more anabolic and less androgenic than the parent molecule.
OBJECTIVE: This article reviews the structure, biotransformation, and mechanism of action of testosterone and some of the most commonly used AAS. Clinical applications of the AAS are discussed, and guidelines and therapeutic maneuvers for minimizing their side effects are outlined.
METHODS: Literature for inclusion in this review was identified using the libraries of the University of Wisconsin Medical School and School of Pharmacy, the author's files, and searches of MEDLINE, Science Citation Index, Biological Abstracts, and Chemical Abstracts.
RESULTS: The myotrophic action of testosterone and its derivatives and their stimulatory effects on the brain have led to widespread use of AAS by athletes and "recreational" drug users. Consequently, all AAS were classified as class III controlled substances in 1991. Nonetheless, AAS have shown benefit in a variety of human disorders, including HIV-related muscle wasting and other catabolic conditions such as chronic obstructive pulmonary disease, severe burn injuries, and alcoholic hepatitis. Because of their diverse biological actions, AAS have been used to treat a variety of other conditions, including bone marrow failure syndromes, constitutional growth retardation in children, and hereditary angioedema. AAS therapy is associated with various side effects that are generally dose related; therefore, illicit use of megadoses of AAS for the purpose of bodybuilding and enhancement of athletic performance can lead to serious and irreversible organ damage. The most common side effects of AAS are some degree of masculinization in women and children, behavioral changes (eg, aggression), hepatotoxicity, and alteration of blood lipid levels and coagulation factors.
CONCLUSIONS: To minimize or avoid serious toxicities with AAS therapy, close medical supervision and periodic monitoring are important, with dose adjustment as appropriate to achieve the minimum effective dose. Given the biological effects and potential adverse effects of AAS, administration of these agents should be avoided in pregnant women, women with breast cancer or hypercalcemia, men with carcinoma of the prostate or breast, and patients with nephrotic syndromes or significant liver dysfunction.},
	Author = {Shahidi, N T},
	Date-Added = {2016-04-13 20:51:51 +0000},
	Date-Modified = {2016-04-13 20:51:51 +0000},
	Journal = {Clin Ther},
	Journal-Full = {Clinical therapeutics},
	Mesh = {Anabolic Agents; Bone and Bones; Drug Therapy; Erythrocytes; Humans; Models, Structural; Muscles; Testosterone Congeners},
	Month = {Sep},
	Number = {9},
	Pages = {1355-90},
	Pmid = {11589254},
	Pst = {ppublish},
	Title = {A review of the chemistry, biological action, and clinical applications of anabolic-androgenic steroids},
	Volume = {23},
	Year = {2001},
	Bdsk-File-1 = {YnBsaXN0MDDUAQIDBAUGJCVYJHZlcnNpb25YJG9iamVjdHNZJGFyY2hpdmVyVCR0b3ASAAGGoKgHCBMUFRYaIVUkbnVsbNMJCgsMDxJXTlMua2V5c1pOUy5vYmplY3RzViRjbGFzc6INDoACgAOiEBGABIAFgAdccmVsYXRpdmVQYXRoWWFsaWFzRGF0YV8Q3C4uLy4uLy4uLy4uLy4uLy4uL1VzZXJzL2ZyZWRtb250ZXQvLlRyYXNoL1NjaWVuY2VkaXJlY3RfYXJ0aWNsZXNfMTNBcHIyMDE2XzE2LTUxLTI1LjMyNy9BLXJldmlldy1vZi10aGUtY2hlbWlzdHJ5LWJpb2xvZ2ljYWwtYWN0aW9uLWFuZC1jbGluaWNhbC1hcHBsaWNhdGlvbnMtb2YtYW5hYm9saWMtYW5kcm9nZW5pYy1zdGVyb2lkc18yMDAxX0NsaW5pY2FsLVRoZXJhcGV1dGljcy5wZGbSFwsYGVdOUy5kYXRhTxEDVgAAAAADVgACAAAKSGFyZCBEcml2ZQAAAAAAAAAAAAAAAAAAAAAA0dlkr0grAAABe5dhH0EtcmV2aWV3LW9mLXRoZS1jaGUjMTdCOTc2My5wZGYAAAAAAAAAAAAAAAAAAAAAAAAAAAAAAAAAAAAAAAAAAAF7l2PTNCmOAAAAAAAAAAD/////AAAJIAAAAAAAAAAAAAAAAAAAAB9TY2llbmNlZGlyZWN0X2FydGljIzE3Qjk3NjEuMzI3AAAQAAgAANHZSI8AAAARAAgAANM0DW4AAAABABABe5dhAXSlzQAGxUUAApgPAAIAZkhhcmQgRHJpdmU6VXNlcnM6AGZyZWRtb250ZXQ6AC5UcmFzaDoAU2NpZW5jZWRpcmVjdF9hcnRpYyMxN0I5NzYxLjMyNzoAQS1yZXZpZXctb2YtdGhlLWNoZSMxN0I5NzYzLnBkZgAOAQoAhABBAC0AcgBlAHYAaQBlAHcALQBvAGYALQB0AGgAZQAtAGMAaABlAG0AaQBzAHQAcgB5AC0AYgBpAG8AbABvAGcAaQBjAGEAbAAtAGEAYwB0AGkAbwBuAC0AYQBuAGQALQBjAGwAaQBuAGkAYwBhAGwALQBhAHAAcABsAGkAYwBhAHQAaQBvAG4AcwAtAG8AZgAtAGEAbgBhAGIAbwBsAGkAYwAtAGEAbgBkAHIAbwBnAGUAbgBpAGMALQBzAHQAZQByAG8AaQBkAHMAXwAyADAAMAAxAF8AQwBsAGkAbgBpAGMAYQBsAC0AVABoAGUAcgBhAHAAZQB1AHQAaQBjAHMALgBwAGQAZgAPABYACgBIAGEAcgBkACAARAByAGkAdgBlABIAylVzZXJzL2ZyZWRtb250ZXQvLlRyYXNoL1NjaWVuY2VkaXJlY3RfYXJ0aWNsZXNfMTNBcHIyMDE2XzE2LTUxLTI1LjMyNy9BLXJldmlldy1vZi10aGUtY2hlbWlzdHJ5LWJpb2xvZ2ljYWwtYWN0aW9uLWFuZC1jbGluaWNhbC1hcHBsaWNhdGlvbnMtb2YtYW5hYm9saWMtYW5kcm9nZW5pYy1zdGVyb2lkc18yMDAxX0NsaW5pY2FsLVRoZXJhcGV1dGljcy5wZGYAEwABLwAAFQACABH//wAAgAbSGxwdHlokY2xhc3NuYW1lWCRjbGFzc2VzXU5TTXV0YWJsZURhdGGjHR8gVk5TRGF0YVhOU09iamVjdNIbHCIjXE5TRGljdGlvbmFyeaIiIF8QD05TS2V5ZWRBcmNoaXZlctEmJ1Ryb290gAEACAARABoAIwAtADIANwBAAEYATQBVAGAAZwBqAGwAbgBxAHMAdQB3AIQAjgFtAXIBegTUBNYE2wTmBO8E/QUBBQgFEQUWBSMFJgU4BTsFQAAAAAAAAAIBAAAAAAAAACgAAAAAAAAAAAAAAAAAAAVC}}

@phdthesis{Barreto-Sanz:2011,
	Abstract = {The coverage and volume of geo-referenced datasets are extensive and incessantly growing. The systematic capture of geo-referenced information generates large vol- umes of spatio-temporal data to be analyzed. Clustering and visualization play a key role in the exploratory data analysis and the extraction of knowledge embedded in these data. However, new challenges in visualization and clustering are posed when dealing with the special characteristics of this data. For instance, its complex structures, large quantity of samples, variables involved in a temporal context, high dimensional- ity and large variability in cluster shapes.
The central aim of my thesis is to propose new algorithms and methodologies for clustering and visualization, in order to assist the knowledge extraction from spatio- temporal geo-referenced data, thus improving making decision processes.
I present two original algorithms, one for clustering: the Fuzzy Growing Hierarchical Self-Organizing Networks (FGHSON), and the second for exploratory visual data anal- ysis: the Tree-structured Self-organizing Maps Component Planes. In addition, I present methodologies that combined with FGHSON and the Tree-structured SOM Compo- nent Planes allow the integration of space and time seamlessly and simultaneously in order to extract knowledge embedded in a temporal context.
The originality of the FGHSON lies in its capability to reflect the underlying struc- ture of a dataset in a hierarchical fuzzy way. A hierarchical fuzzy representation of clusters is crucial when data include complex structures with large variability of clus- ter shapes, variances, densities and number of clusters. The most important character- istics of the FGHSON include: (1) It does not require an a-priori setup of the number of clusters. (2) The algorithm executes several self-organizing processes in parallel. Hence, when dealing with large datasets the processes can be distributed reducing the computational cost. (3) Only three parameters are necessary to set up the algorithm.
i
 In the case of the Tree-structured SOM Component Planes, the novelty of this algo- rithm lies in its ability to create a structure that allows the visual exploratory data anal- ysis of large high-dimensional datasets. This algorithm creates a hierarchical structure of Self-Organizing Map Component Planes, arranging similar variables' projections in the same branches of the tree. Hence, similarities on variables' behavior can be easily detected (e.g. local correlations, maximal and minimal values and outliers).
Both FGHSON and the Tree-structured SOM Component Planes were applied in several agroecological problems proving to be very efficient in the exploratory analy- sis and clustering of spatio-temporal datasets.
In this thesis I also tested three soft competitive learning algorithms. Two of them well-known non supervised soft competitive algorithms, namely the Self-Organizing Maps (SOMs) and the Growing Hierarchical Self-Organizing Maps (GHSOMs); and the third was our original contribution, the FGHSON. Although the algorithms presented here have been used in several areas, to my knowledge there is not any work apply- ing and comparing the performance of those techniques when dealing with spatio- temporal geospatial data, as it is presented in this thesis.
I propose original methodologies to explore spatio-temporal geo-referenced datasets through time. Our approach uses time windows to capture temporal similarities and variations by using the FGHSON clustering algorithm. The developed methodologies are used in two case studies. In the first, the objective was to find similar agroeco- zones through time and in the second one it was to find similar environmental patterns shifted in time.
Several results presented in this thesis have led to new contributions to agroecolog- ical knowledge, for instance, in sugar cane, and blackberry production.
Finally, in the framework of this thesis we developed several software tools: (1) a Matlab toolbox that implements the FGHSON algorithm, and (2) a program called BIS (Bio-inspired Identification of Similar agroecozones) an interactive graphical user interface tool which integrates the FGHSON algorithm with Google Earth in order to show zones with similar agroecological characteristics.},
	Author = {BARRETO SANZ Miguel},
	Date-Added = {2016-04-13 20:44:22 +0000},
	Date-Modified = {2016-05-27 06:19:40 +0000},
	Month = {December},
	School = {University of Lausanne},
	Title = {Bio-inspired computational techniques applied to the clustering and visualization of spatio-temporal geospatial data},
	Year = {2011},
	Bdsk-File-1 = {YnBsaXN0MDDUAQIDBAUGJCVYJHZlcnNpb25YJG9iamVjdHNZJGFyY2hpdmVyVCR0b3ASAAGGoKgHCBMUFRYaIVUkbnVsbNMJCgsMDxJXTlMua2V5c1pOUy5vYmplY3RzViRjbGFzc6INDoACgAOiEBGABIAFgAdccmVsYXRpdmVQYXRoWWFsaWFzRGF0YV8QIC4uLy4uL2Fzc2V0L2RvYy90aGVzZV9taWd1ZWwucGRm0hcLGBlXTlMuZGF0YU8RAuwAAAAAAuwAAgAAAnBhAAAAAAAAAAAAAAAAAAAAAAAAAAAAAAAAANMXJsJIKwAFAAAAMRB0aGVzZV9taWd1ZWwucGRmAAAAAAAAAAAAAAAAAAAAAAAAAAAAAAAAAAAAAAAAAAAAAAAAAAAAAAAAAAAAAAAAAD6z0zK5FwAAAAAAAAAAAAIAAwAADQIAAAAAAAAAAAAAAAAAAAADZG9jAAAQAAgAANMXGLIAAAARAAgAANMynPcAAAABABAAAAAxAAAAJAAAAB8AAAAZAAIANnBhOnByb2plY3Q6AGh5cGVydGVuc2lvbjoAYXNzZXQ6AGRvYzoAdGhlc2VfbWlndWVsLnBkZgAOACIAEAB0AGgAZQBzAGUAXwBtAGkAZwB1AGUAbAAuAHAAZABmAA8ABgACAHAAYQASADAvcHJvamVjdC9oeXBlcnRlbnNpb24vYXNzZXQvZG9jL3RoZXNlX21pZ3VlbC5wZGYAEwALL1ZvbHVtZXMvcGEAABQBbAAAAAABbAACAAEKSGFyZCBEcml2ZQAAAAAAAAAAAAAAAAAAAAAA0dlkr0grAAAABsVFD3BhLnNwYXJzZWJ1bmRsZQAAAAAAAAAAAAAAAAAAAAAAAAAAAAAAAAAAAAAAAAAAAAAAAAAAAAAAAAAAAAAAAAFgervTFybCAAAAAAAAAAD/////AAAJIAAAAAAAAAAAAAAAAAAAAApmcmVkbW9udGV0ABAACAAA0dlIjwAAABEACAAA0xcYsgAAAAEACAAGxUUAApgPAAIALUhhcmQgRHJpdmU6VXNlcnM6AGZyZWRtb250ZXQ6AHBhLnNwYXJzZWJ1bmRsZQAADgAgAA8AcABhAC4AcwBwAGEAcgBzAGUAYgB1AG4AZABsAGUADwAWAAoASABhAHIAZAAgAEQAcgBpAHYAZQASACBVc2Vycy9mcmVkbW9udGV0L3BhLnNwYXJzZWJ1bmRsZQATAAEvAAAVAAIAEf//AAD//wAAgAbSGxwdHlokY2xhc3NuYW1lWCRjbGFzc2VzXU5TTXV0YWJsZURhdGGjHR8gVk5TRGF0YVhOU09iamVjdNIbHCIjXE5TRGljdGlvbmFyeaIiIF8QD05TS2V5ZWRBcmNoaXZlctEmJ1Ryb290gAEACAARABoAIwAtADIANwBAAEYATQBVAGAAZwBqAGwAbgBxAHMAdQB3AIQAjgCxALYAvgOuA7ADtQPAA8kD1wPbA+ID6wPwA/0EAAQSBBUEGgAAAAAAAAIBAAAAAAAAACgAAAAAAAAAAAAAAAAAAAQc}}

@article{Hammer:2006,
	Abstract = {Corticosteroids are critically involved in blood pressure regulation. Lack of adrenal steroids in Addison's disease causes life-threatening hypotension, whereas glucocorticoid excess in Cushing's syndrome invariably results in high blood pressure. At a pre-receptor level, glucocorticoid action is modulated by 11beta-hydroxysteroid dehydrogenases (11beta-HSDs). 11Beta-HSD1 activates cortisone to cortisol to facilitate glucocorticoid receptor (GR)-mediated action. By contrast, 11beta-HSD2 plays a pivotal role in aldosterone target tissues where it catalyses the opposite reaction (i.e. inactivation of cortisol to cortisone) to prevent activation of the mineralocorticoid receptor (MR) by cortisol. Mutations in the 11beta-HSD2 gene cause a rare form of inherited hypertension, the syndrome of apparent mineralocorticoid excess (AME), in which cortisol activates the MR resulting in severe hypertension and hypokalemia. Ingestion of competitive inhibitors of 11beta-HSD2 such as liquorice and carbenoxolone result in a similar but milder clinical phenotype. Epidemiological data suggests that polymorphic variability in the HSD11B2 gene determines salt sensitivity in the general population, which is a key predisposing factor to adult onset hypertension in some patients. Extrarenal sites of glucocorticoid action and metabolism that might impact on blood pressure include the vasculature and the central nervous system. Intriguingly, increased exposure to glucocorticoids during fetal life promotes high blood pressure in adulthood suggesting an early programming effect. Thus, metabolism and action in many peripheral tissues might contribute to the pathophysiology of human hypertension.},
	Author = {Hammer, Fabian and Stewart, Paul M},
	Date-Added = {2016-04-13 20:27:44 +0000},
	Date-Modified = {2016-05-17 06:55:40 +0000},
	Doi = {10.1016/j.beem.2006.07.001},
	Journal = {Best Pract Res Clin Endocrinol Metab},
	Journal-Full = {Best practice \& research. Clinical endocrinology \& metabolism},
	Mesh = {11-beta-Hydroxysteroid Dehydrogenase Type 2; ACTH Syndrome, Ectopic; Antihypertensive Agents; Blood Pressure; Brain; Carbenoxolone; Cardiovascular System; Fetal Growth Retardation; Glucocorticoids; Glycyrrhetinic Acid; Glycyrrhiza; Humans; Hydrocortisone; Hypertension; Mineralocorticoid Excess Syndrome, Apparent; Models, Biological},
	Month = {Sep},
	Number = {3},
	Pages = {337-53},
	Pmid = {16980198},
	Pst = {ppublish},
	Title = {Cortisol metabolism in hypertension},
	Volume = {20},
	Year = {2006},
	Bdsk-File-1 = {YnBsaXN0MDDUAQIDBAUGJCVYJHZlcnNpb25YJG9iamVjdHNZJGFyY2hpdmVyVCR0b3ASAAGGoKgHCBMUFRYaIVUkbnVsbNMJCgsMDxJXTlMua2V5c1pOUy5vYmplY3RzViRjbGFzc6INDoACgAOiEBGABIAFgAdccmVsYXRpdmVQYXRoWWFsaWFzRGF0YV8QdS4uLy4uL2Fzc2V0L2RvYy9Db3J0aXNvbC1tZXRhYm9saXNtLWluLWh5cGVydGVuc2lvbl8yMDA2X0Jlc3QtUHJhY3RpY2UtUmVzZWFyY2gtQ2xpbmljYWwtRW5kb2NyaW5vbG9neS1NZXRhYm9saXNtLnBkZtIXCxgZV05TLmRhdGFPEQP8AAAAAAP8AAIAAAJwYQAAAAAAAAAAAAAAAAAAAAAAAAAAAAAAAADTFybCSCsABQAAADEfQ29ydGlzb2wtbWV0YWJvbGlzbS1pbi0jQjBBLnBkZgAAAAAAAAAAAAAAAAAAAAAAAAAAAAAAAAAAAAAAAAAAAAALCtM0I9wAAAAAAAAAAAACAAMAAA0CAAAAAAAAAAAAAAAAAAAAA2RvYwAAEAAIAADTFxiyAAAAEQAIAADTNAe8AAAAAQAQAAAAMQAAACQAAAAfAAAAGQACAEVwYTpwcm9qZWN0OgBoeXBlcnRlbnNpb246AGFzc2V0OgBkb2M6AENvcnRpc29sLW1ldGFib2xpc20taW4tI0IwQS5wZGYAAA4AzABlAEMAbwByAHQAaQBzAG8AbAAtAG0AZQB0AGEAYgBvAGwAaQBzAG0ALQBpAG4ALQBoAHkAcABlAHIAdABlAG4AcwBpAG8AbgBfADIAMAAwADYAXwBCAGUAcwB0AC0AUAByAGEAYwB0AGkAYwBlAC0AUgBlAHMAZQBhAHIAYwBoAC0AQwBsAGkAbgBpAGMAYQBsAC0ARQBuAGQAbwBjAHIAaQBuAG8AbABvAGcAeQAtAE0AZQB0AGEAYgBvAGwAaQBzAG0ALgBwAGQAZgAPAAYAAgBwAGEAEgCFL3Byb2plY3QvaHlwZXJ0ZW5zaW9uL2Fzc2V0L2RvYy9Db3J0aXNvbC1tZXRhYm9saXNtLWluLWh5cGVydGVuc2lvbl8yMDA2X0Jlc3QtUHJhY3RpY2UtUmVzZWFyY2gtQ2xpbmljYWwtRW5kb2NyaW5vbG9neS1NZXRhYm9saXNtLnBkZgAAEwALL1ZvbHVtZXMvcGEAABQBbAAAAAABbAACAAEKSGFyZCBEcml2ZQAAAAAAAAAAAAAAAAAAAAAA0dlkr0grAAAABsVFD3BhLnNwYXJzZWJ1bmRsZQAAAAAAAAAAAAAAAAAAAAAAAAAAAAAAAAAAAAAAAAAAAAAAAAAAAAAAAAAAAAAAAAFgervTFybCAAAAAAAAAAD/////AAAJIAAAAAAAAAAAAAAAAAAAAApmcmVkbW9udGV0ABAACAAA0dlIjwAAABEACAAA0xcYsgAAAAEACAAGxUUAApgPAAIALUhhcmQgRHJpdmU6VXNlcnM6AGZyZWRtb250ZXQ6AHBhLnNwYXJzZWJ1bmRsZQAADgAgAA8AcABhAC4AcwBwAGEAcgBzAGUAYgB1AG4AZABsAGUADwAWAAoASABhAHIAZAAgAEQAcgBpAHYAZQASACBVc2Vycy9mcmVkbW9udGV0L3BhLnNwYXJzZWJ1bmRsZQATAAEvAAAVAAIAEf//AAD//wAAgAbSGxwdHlokY2xhc3NuYW1lWCRjbGFzc2VzXU5TTXV0YWJsZURhdGGjHR8gVk5TRGF0YVhOU09iamVjdNIbHCIjXE5TRGljdGlvbmFyeaIiIF8QD05TS2V5ZWRBcmNoaXZlctEmJ1Ryb290gAEACAARABoAIwAtADIANwBAAEYATQBVAGAAZwBqAGwAbgBxAHMAdQB3AIQAjgEGAQsBEwUTBRUFGgUlBS4FPAVABUcFUAVVBWIFZQV3BXoFfwAAAAAAAAIBAAAAAAAAACgAAAAAAAAAAAAAAAAAAAWB},
	Bdsk-Url-1 = {http://dx.doi.org/10.1016/j.beem.2006.07.001}}

@article{Whitworth:1995,
	Abstract = {There is emerging evidence that cortisol plays a significantly greater role in human hypertension than previously thought. Apart from the well recognized role of cortisol in the hypertension of Cushing's syndrome, local cortisol excess has been recognized as responsible for rare forms of hypertension such as apparent mineralocorticoid excess and licorice abuse and more recently implicated in the hypertension of chronic renal failure, hypertension related to low birth weight and essential hypertension. Although cortisol-induced hypertension is characterized by sodium retention and volume expansion, studies with synthetic glucocorticoids or sodium restriction suggest that the hypertension is, to a substantial degree, independent of sodium and volume. Increase in cardiac output is not essential for cortisol-induced blood pressure rise but the precise role of increases in total or regional peripheral resistance as a primary mechanism has nto been determined. Increased pressor responsiveness, particularly to catechols, is a prominent feature but whether these changes are sufficient to account for the hypertension remains unclear. There is no evidence for increased sympathetic nervous activity as judged by measurements of plasma catcholamines, neuropeptide-Y, or resting noradrenaline spillover rate. Responses to mental stress or maximal hand-grip are unchanged and baroreflex sensitivity is increased. Octreotide profoundly reduced the elevated plasma insulin concentrations seen with cortisol administration but had no effect on the rise in blood pressure.},
	Author = {Whitworth, J A and Brown, M A and Kelly, J J and Williamson, P M},
	Date-Added = {2016-04-13 20:26:45 +0000},
	Date-Modified = {2016-05-17 06:57:05 +0000},
	Journal = {Steroids},
	Journal-Full = {Steroids},
	Mesh = {Hemodynamics; Humans; Hydrocortisone; Hypertension; Insulin; Male; Reference Values; Sympathetic Nervous System; Vasomotor System},
	Month = {Jan},
	Number = {1},
	Pages = {76-80},
	Pmid = {7792821},
	Pst = {ppublish},
	Title = {Mechanisms of cortisol-induced hypertension in humans},
	Volume = {60},
	Year = {1995},
	Bdsk-File-1 = {YnBsaXN0MDDUAQIDBAUGJCVYJHZlcnNpb25YJG9iamVjdHNZJGFyY2hpdmVyVCR0b3ASAAGGoKgHCBMUFRYaIVUkbnVsbNMJCgsMDxJXTlMua2V5c1pOUy5vYmplY3RzViRjbGFzc6INDoACgAOiEBGABIAFgAdccmVsYXRpdmVQYXRoWWFsaWFzRGF0YV8QMC4uLy4uL2Fzc2V0L2RvYy8xLXMyLjAtMDAzOTEyOFg5NDAwMDMzOS1tYWluLnBkZtIXCxgZV05TLmRhdGFPEQMsAAAAAAMsAAIAAAJwYQAAAAAAAAAAAAAAAAAAAAAAAAAAAAAAAADTFybCSCsABQAAADEfMS1zMi4wLTAwMzkxMjhYOTQwMDAzMzkjQjAyLnBkZgAAAAAAAAAAAAAAAAAAAAAAAAAAAAAAAAAAAAAAAAAAAAALAtM0d/sAAAAAAAAAAAACAAMAAA0CAAAAAAAAAAAAAAAAAAAAA2RvYwAAEAAIAADTFxiyAAAAEQAIAADTNFvbAAAAAQAQAAAAMQAAACQAAAAfAAAAGQACAEVwYTpwcm9qZWN0OgBoeXBlcnRlbnNpb246AGFzc2V0OgBkb2M6ADEtczIuMC0wMDM5MTI4WDk0MDAwMzM5I0IwMi5wZGYAAA4AQgAgADEALQBzADIALgAwAC0AMAAwADMAOQAxADIAOABYADkANAAwADAAMAAzADMAOQAtAG0AYQBpAG4ALgBwAGQAZgAPAAYAAgBwAGEAEgBAL3Byb2plY3QvaHlwZXJ0ZW5zaW9uL2Fzc2V0L2RvYy8xLXMyLjAtMDAzOTEyOFg5NDAwMDMzOS1tYWluLnBkZgATAAsvVm9sdW1lcy9wYQAAFAFsAAAAAAFsAAIAAQpIYXJkIERyaXZlAAAAAAAAAAAAAAAAAAAAAADR2WSvSCsAAAAGxUUPcGEuc3BhcnNlYnVuZGxlAAAAAAAAAAAAAAAAAAAAAAAAAAAAAAAAAAAAAAAAAAAAAAAAAAAAAAAAAAAAAAAAAWB6u9MXJsIAAAAAAAAAAP////8AAAkgAAAAAAAAAAAAAAAAAAAACmZyZWRtb250ZXQAEAAIAADR2UiPAAAAEQAIAADTFxiyAAAAAQAIAAbFRQACmA8AAgAtSGFyZCBEcml2ZTpVc2VyczoAZnJlZG1vbnRldDoAcGEuc3BhcnNlYnVuZGxlAAAOACAADwBwAGEALgBzAHAAYQByAHMAZQBiAHUAbgBkAGwAZQAPABYACgBIAGEAcgBkACAARAByAGkAdgBlABIAIFVzZXJzL2ZyZWRtb250ZXQvcGEuc3BhcnNlYnVuZGxlABMAAS8AABUAAgAR//8AAP//AACABtIbHB0eWiRjbGFzc25hbWVYJGNsYXNzZXNdTlNNdXRhYmxlRGF0YaMdHyBWTlNEYXRhWE5TT2JqZWN00hscIiNcTlNEaWN0aW9uYXJ5oiIgXxAPTlNLZXllZEFyY2hpdmVy0SYnVHJvb3SAAQAIABEAGgAjAC0AMgA3AEAARgBNAFUAYABnAGoAbABuAHEAcwB1AHcAhACOAMEAxgDOA/4EAAQFBBAEGQQnBCsEMgQ7BEAETQRQBGIEZQRqAAAAAAAAAgEAAAAAAAAAKAAAAAAAAAAAAAAAAAAABGw=}}

@article{Eisenschmid:1987,
	Author = {B. Eisenschmid, P. Heilmann},
	Date-Added = {2016-04-13 20:23:31 +0000},
	Date-Modified = {2016-05-17 06:57:35 +0000},
	Journal = {J. Clin. Chem. Clin. Biochem.},
	Number = {6},
	Pages = {345-349},
	Title = {20-Dihydroisomers of Cortisol and Cortisone in Human Urine: Excretion Rates under Different Physiological Conditions},
	Volume = {25},
	Year = {1987},
	Bdsk-File-1 = {YnBsaXN0MDDUAQIDBAUGJCVYJHZlcnNpb25YJG9iamVjdHNZJGFyY2hpdmVyVCR0b3ASAAGGoKgHCBMUFRYaIVUkbnVsbNMJCgsMDxJXTlMua2V5c1pOUy5vYmplY3RzViRjbGFzc6INDoACgAOiEBGABIAFgAdccmVsYXRpdmVQYXRoWWFsaWFzRGF0YV8QJi4uLy4uL2Fzc2V0L2RvYy9jY2xtLjE5ODcuMjUuNi4zNDUucGRm0hcLGBlXTlMuZGF0YU8RAwQAAAAAAwQAAgAAAnBhAAAAAAAAAAAAAAAAAAAAAAAAAAAAAAAAANMXJsJIKwAFAAAAMRZjY2xtLjE5ODcuMjUuNi4zNDUucGRmAAAAAAAAAAAAAAAAAAAAAAAAAAAAAAAAAAAAAAAAAAAAAAAAAAAAAAAAAAsF0zR3BQAAAAAAAAAAAAIAAwAADQIAAAAAAAAAAAAAAAAAAAADZG9jAAAQAAgAANMXGLIAAAARAAgAANM0WuUAAAABABAAAAAxAAAAJAAAAB8AAAAZAAIAPHBhOnByb2plY3Q6AGh5cGVydGVuc2lvbjoAYXNzZXQ6AGRvYzoAY2NsbS4xOTg3LjI1LjYuMzQ1LnBkZgAOAC4AFgBjAGMAbABtAC4AMQA5ADgANwAuADIANQAuADYALgAzADQANQAuAHAAZABmAA8ABgACAHAAYQASADYvcHJvamVjdC9oeXBlcnRlbnNpb24vYXNzZXQvZG9jL2NjbG0uMTk4Ny4yNS42LjM0NS5wZGYAEwALL1ZvbHVtZXMvcGEAABQBbAAAAAABbAACAAEKSGFyZCBEcml2ZQAAAAAAAAAAAAAAAAAAAAAA0dlkr0grAAAABsVFD3BhLnNwYXJzZWJ1bmRsZQAAAAAAAAAAAAAAAAAAAAAAAAAAAAAAAAAAAAAAAAAAAAAAAAAAAAAAAAAAAAAAAAFgervTFybCAAAAAAAAAAD/////AAAJIAAAAAAAAAAAAAAAAAAAAApmcmVkbW9udGV0ABAACAAA0dlIjwAAABEACAAA0xcYsgAAAAEACAAGxUUAApgPAAIALUhhcmQgRHJpdmU6VXNlcnM6AGZyZWRtb250ZXQ6AHBhLnNwYXJzZWJ1bmRsZQAADgAgAA8AcABhAC4AcwBwAGEAcgBzAGUAYgB1AG4AZABsAGUADwAWAAoASABhAHIAZAAgAEQAcgBpAHYAZQASACBVc2Vycy9mcmVkbW9udGV0L3BhLnNwYXJzZWJ1bmRsZQATAAEvAAAVAAIAEf//AAD//wAAgAbSGxwdHlokY2xhc3NuYW1lWCRjbGFzc2VzXU5TTXV0YWJsZURhdGGjHR8gVk5TRGF0YVhOU09iamVjdNIbHCIjXE5TRGljdGlvbmFyeaIiIF8QD05TS2V5ZWRBcmNoaXZlctEmJ1Ryb290gAEACAARABoAIwAtADIANwBAAEYATQBVAGAAZwBqAGwAbgBxAHMAdQB3AIQAjgC3ALwAxAPMA84D0wPeA+cD9QP5BAAECQQOBBsEHgQwBDMEOAAAAAAAAAIBAAAAAAAAACgAAAAAAAAAAAAAAAAAAAQ6}}

@article{Reckelhoff:2005,
	Abstract = {The roles that both male and female sex steroids play in mediating or protecting against cardiovascular disease (CVD) and hypertension are controversial. For example, whereas animal studies have strongly implicated androgens as being mediators of CVD and hypertension, human epide- miological studies have shown that with chronic disease, including hypertension, serum testosterone levels are actually reduced.1 Thus, whether androgens are truly causative of CVD is not clear. However, premenopausal women are typically protected from CVD and hypertension compared with men, and this has been hypothesized to be because of the protective effects of estrogens. The negative findings of Heart and Estrogen/progestin Replacement Study (HERS) I and II2,3 and Women's Health Initiative (WHI)4,5 studies on hormone replacement therapy (HRT) in postmenopausal women have shaken our previous ideas that HRT was protective against CVD. In this short review, the latest findings regarding the roles of sex steroids in hypertension and CVD are discussed, questions yet to be answered are suggested, and some speculations are made.},
	Author = {Jane F. Reckelhoff},
	Date-Added = {2016-04-13 20:12:08 +0000},
	Date-Modified = {2016-05-17 06:55:35 +0000},
	Journal = {Hypertension},
	Pages = {70-174},
	Rating = {5},
	Title = {Sex Steroids, Cardiovascular Disease, and Hypertension - Unanswered Questions and Some Speculations},
	Volume = {45},
	Year = {2005},
	Bdsk-File-1 = {YnBsaXN0MDDUAQIDBAUGJCVYJHZlcnNpb25YJG9iamVjdHNZJGFyY2hpdmVyVCR0b3ASAAGGoKgHCBMUFRYaIVUkbnVsbNMJCgsMDxJXTlMua2V5c1pOUy5vYmplY3RzViRjbGFzc6INDoACgAOiEBGABIAFgAdccmVsYXRpdmVQYXRoWWFsaWFzRGF0YV8QNi4uLy4uL2Fzc2V0L2RvYy9IeXBlcnRlbnNpb24tMjAwNS1SZWNrZWxob2ZmLTE3MC00LnBkZtIXCxgZV05TLmRhdGFPEQM+AAAAAAM+AAIAAAJwYQAAAAAAAAAAAAAAAAAAAAAAAAAAAAAAAADTFybCSCsABQAAADEfSHlwZXJ0ZW5zaW9uLTIwMDUtUmVja2UjQjA2LnBkZgAAAAAAAAAAAAAAAAAAAAAAAAAAAAAAAAAAAAAAAAAAAAALBtM0dJwAAAAAAAAAAAACAAMAAA0CAAAAAAAAAAAAAAAAAAAAA2RvYwAAEAAIAADTFxiyAAAAEQAIAADTNFh8AAAAAQAQAAAAMQAAACQAAAAfAAAAGQACAEVwYTpwcm9qZWN0OgBoeXBlcnRlbnNpb246AGFzc2V0OgBkb2M6AEh5cGVydGVuc2lvbi0yMDA1LVJlY2tlI0IwNi5wZGYAAA4ATgAmAEgAeQBwAGUAcgB0AGUAbgBzAGkAbwBuAC0AMgAwADAANQAtAFIAZQBjAGsAZQBsAGgAbwBmAGYALQAxADcAMAAtADQALgBwAGQAZgAPAAYAAgBwAGEAEgBGL3Byb2plY3QvaHlwZXJ0ZW5zaW9uL2Fzc2V0L2RvYy9IeXBlcnRlbnNpb24tMjAwNS1SZWNrZWxob2ZmLTE3MC00LnBkZgATAAsvVm9sdW1lcy9wYQAAFAFsAAAAAAFsAAIAAQpIYXJkIERyaXZlAAAAAAAAAAAAAAAAAAAAAADR2WSvSCsAAAAGxUUPcGEuc3BhcnNlYnVuZGxlAAAAAAAAAAAAAAAAAAAAAAAAAAAAAAAAAAAAAAAAAAAAAAAAAAAAAAAAAAAAAAAAAWB6u9MXJsIAAAAAAAAAAP////8AAAkgAAAAAAAAAAAAAAAAAAAACmZyZWRtb250ZXQAEAAIAADR2UiPAAAAEQAIAADTFxiyAAAAAQAIAAbFRQACmA8AAgAtSGFyZCBEcml2ZTpVc2VyczoAZnJlZG1vbnRldDoAcGEuc3BhcnNlYnVuZGxlAAAOACAADwBwAGEALgBzAHAAYQByAHMAZQBiAHUAbgBkAGwAZQAPABYACgBIAGEAcgBkACAARAByAGkAdgBlABIAIFVzZXJzL2ZyZWRtb250ZXQvcGEuc3BhcnNlYnVuZGxlABMAAS8AABUAAgAR//8AAP//AACABtIbHB0eWiRjbGFzc25hbWVYJGNsYXNzZXNdTlNNdXRhYmxlRGF0YaMdHyBWTlNEYXRhWE5TT2JqZWN00hscIiNcTlNEaWN0aW9uYXJ5oiIgXxAPTlNLZXllZEFyY2hpdmVy0SYnVHJvb3SAAQAIABEAGgAjAC0AMgA3AEAARgBNAFUAYABnAGoAbABuAHEAcwB1AHcAhACOAMcAzADUBBYEGAQdBCgEMQQ/BEMESgRTBFgEZQRoBHoEfQSCAAAAAAAAAgEAAAAAAAAAKAAAAAAAAAAAAAAAAAAABIQ=}}

@article{Morimoto:1997,
	Abstract = {BACKGROUND: In patients with sodium-sensitive hypertension, glomerular pressure is increased and microalbuminuria, a marker of glomerular hypertension, is a predictor of cardiovascular events. Similarly, the lack of a nocturnal decrease in blood pressure in these patients is also associated with an increased risk of cardiovascular events. We hypothesised that sodium sensitivity may be the common factor and carried out a retrospective study of cardiovascular events in patients with essential hypertension who had had sodium sensitivity measured in our clinic.
METHODS: Sodium sensitivity was assessed in about 350 patients with essential hypertension during the initial investigation of their disorder. The definition of sodium sensitivity was a 10% or greater difference in blood pressure on low-sodium or high-sodium diets. By alphabetical order, the records of 201 patients were obtained and 156 patients without pre-existing disorders were followed up. The records of patients who had a cardiovascular event or died were reviewed without knowledge of the patient's sodium-sensitivity status.
FINDINGS: 62 patients were deemed sodium sensitive and 94 non-sodium sensitive. Left-ventricular hypertrophy was found more frequently in the sodium-sensitive group than in the non-sodium-sensitive group (38 vs 16%; p < 0.01), whereas significantly fewer patients in this group smoked (23 vs 42%; p < 0.05). There were 17 cardiovascular events in the sodium-sensitive group and 14 in the non-sodium-sensitive group. The rate of total, non-fatal and fatal cardiovascular events, was 2.0 per 100 patient-years in the non-sodium-sensitive group and 4.3 per 100 patient-years in the sodium-sensitive group. Cox's proportional-hazards model identified sodium sensitivity (p < 0.01), mean arterial pressure (p < 0.01), and smoking (p < 0.01) as independent cardiovascular risk factors.
INTERPRETATION: Cardiovascular events occurred more frequently in patients with sodium-sensitive hypertension. Sodium sensitivity is an independent cardiovascular risk factor in Japanese patients with essential hypertension.},
	Author = {Morimoto, A and Uzu, T and Fujii, T and Nishimura, M and Kuroda, S and Nakamura, S and Inenaga, T and Kimura, G},
	Date-Added = {2016-04-13 20:10:12 +0000},
	Date-Modified = {2016-04-24 16:43:51 +0000},
	Doi = {10.1016/S0140-6736(97)05189-1},
	Journal = {Lancet},
	Journal-Full = {Lancet (London, England)},
	Mesh = {Adult; Blood Pressure; Cardiovascular Diseases; Female; Follow-Up Studies; Humans; Hypertension; Kidney Glomerulus; Male; Middle Aged; Predictive Value of Tests; Prognosis; Proportional Hazards Models; Retrospective Studies; Sodium, Dietary},
	Month = {Dec},
	Number = {9093},
	Pages = {1734-7},
	Pmid = {9413464},
	Pst = {ppublish},
	Title = {Sodium sensitivity and cardiovascular events in patients with essential hypertension},
	Volume = {350},
	Year = {1997},
	Bdsk-File-1 = {YnBsaXN0MDDUAQIDBAUGJCVYJHZlcnNpb25YJG9iamVjdHNZJGFyY2hpdmVyVCR0b3ASAAGGoKgHCBMUFRYaIVUkbnVsbNMJCgsMDxJXTlMua2V5c1pOUy5vYmplY3RzViRjbGFzc6INDoACgAOiEBGABIAFgAdccmVsYXRpdmVQYXRoWWFsaWFzRGF0YV8QeC4uLy4uL2Fzc2V0L2RvYy9Tb2RpdW0tc2Vuc2l0aXZpdHktYW5kLWNhcmRpb3Zhc2N1bGFyLWV2ZW50cy1pbi1wYXRpZW50cy13aXRoLWVzc2VudGlhbC1oeXBlcnRlbnNpb25fMTk5N19UaGUtTGFuY2V0LnBkZtIXCxgZV05TLmRhdGFPEQQEAAAAAAQEAAIAAAJwYQAAAAAAAAAAAAAAAAAAAAAAAAAAAAAAAADTFybCSCsABQAAADEfU29kaXVtLXNlbnNpdGl2aXR5LWFuZC0jQjBGLnBkZgAAAAAAAAAAAAAAAAAAAAAAAAAAAAAAAAAAAAAAAAAAAAALD9M0V5gAAAAAAAAAAAACAAMAAA0CAAAAAAAAAAAAAAAAAAAAA2RvYwAAEAAIAADTFxiyAAAAEQAIAADTNDt4AAAAAQAQAAAAMQAAACQAAAAfAAAAGQACAEVwYTpwcm9qZWN0OgBoeXBlcnRlbnNpb246AGFzc2V0OgBkb2M6AFNvZGl1bS1zZW5zaXRpdml0eS1hbmQtI0IwRi5wZGYAAA4A0gBoAFMAbwBkAGkAdQBtAC0AcwBlAG4AcwBpAHQAaQB2AGkAdAB5AC0AYQBuAGQALQBjAGEAcgBkAGkAbwB2AGEAcwBjAHUAbABhAHIALQBlAHYAZQBuAHQAcwAtAGkAbgAtAHAAYQB0AGkAZQBuAHQAcwAtAHcAaQB0AGgALQBlAHMAcwBlAG4AdABpAGEAbAAtAGgAeQBwAGUAcgB0AGUAbgBzAGkAbwBuAF8AMQA5ADkANwBfAFQAaABlAC0ATABhAG4AYwBlAHQALgBwAGQAZgAPAAYAAgBwAGEAEgCIL3Byb2plY3QvaHlwZXJ0ZW5zaW9uL2Fzc2V0L2RvYy9Tb2RpdW0tc2Vuc2l0aXZpdHktYW5kLWNhcmRpb3Zhc2N1bGFyLWV2ZW50cy1pbi1wYXRpZW50cy13aXRoLWVzc2VudGlhbC1oeXBlcnRlbnNpb25fMTk5N19UaGUtTGFuY2V0LnBkZgATAAsvVm9sdW1lcy9wYQAAFAFsAAAAAAFsAAIAAQpIYXJkIERyaXZlAAAAAAAAAAAAAAAAAAAAAADR2WSvSCsAAAAGxUUPcGEuc3BhcnNlYnVuZGxlAAAAAAAAAAAAAAAAAAAAAAAAAAAAAAAAAAAAAAAAAAAAAAAAAAAAAAAAAAAAAAAAAWB6u9MXJsIAAAAAAAAAAP////8AAAkgAAAAAAAAAAAAAAAAAAAACmZyZWRtb250ZXQAEAAIAADR2UiPAAAAEQAIAADTFxiyAAAAAQAIAAbFRQACmA8AAgAtSGFyZCBEcml2ZTpVc2VyczoAZnJlZG1vbnRldDoAcGEuc3BhcnNlYnVuZGxlAAAOACAADwBwAGEALgBzAHAAYQByAHMAZQBiAHUAbgBkAGwAZQAPABYACgBIAGEAcgBkACAARAByAGkAdgBlABIAIFVzZXJzL2ZyZWRtb250ZXQvcGEuc3BhcnNlYnVuZGxlABMAAS8AABUAAgAR//8AAP//AACABtIbHB0eWiRjbGFzc25hbWVYJGNsYXNzZXNdTlNNdXRhYmxlRGF0YaMdHyBWTlNEYXRhWE5TT2JqZWN00hscIiNcTlNEaWN0aW9uYXJ5oiIgXxAPTlNLZXllZEFyY2hpdmVy0SYnVHJvb3SAAQAIABEAGgAjAC0AMgA3AEAARgBNAFUAYABnAGoAbABuAHEAcwB1AHcAhACOAQkBDgEWBR4FIAUlBTAFOQVHBUsFUgVbBWAFbQVwBYIFhQWKAAAAAAAAAgEAAAAAAAAAKAAAAAAAAAAAAAAAAAAABYw=},
	Bdsk-Url-1 = {http://dx.doi.org/10.1016/S0140-6736(97)05189-1}}

@article{Karppanen:2006,
	Abstract = {In current diets, the level of sodium is very high, whereas that of potassium, calcium, and magnesium is low compared with the level in diets composed of unprocessed, natural foods. We present the biologic rationale and scientific evidence that show that the current salt intake levels largely explain the high prevalence of hypertension. Comprehensive reduction of salt intake, both alone and particularly in combination with increases in intakes of potassium, calcium, and magnesium, is able to lower average blood pressure levels substantially. During the past 30 years, the one-third decrease in the average salt intake has been accompanied by a more than 10-mm Hg fall in the population average of both systolic and diastolic blood pressure, and a 75% to 80% decrease in both stroke and coronary heart disease mortality in Finland. There is no evidence of any harmful effects of salt reduction. Salt-reduction recommendations alone have a very small, if any, population impact. In the United States, for example, the per capita use of salt increased by approximately 55% from the mid-1980s to the late 1990s. We deal with factors that contribute toward increasing salt intakes and present examples of the methods that have contributed to the successful salt reduction in Finland.},
	Author = {Karppanen, Heikki and Mervaala, Eero},
	Date = {2006 Sep-Oct},
	Date-Added = {2016-04-13 20:10:06 +0000},
	Date-Modified = {2016-04-24 16:29:43 +0000},
	Doi = {10.1016/j.pcad.2006.07.001},
	Journal = {Prog Cardiovasc Dis},
	Journal-Full = {Progress in cardiovascular diseases},
	Mesh = {Blood Pressure; Humans; Hypertension; Risk Factors; Sodium; Sodium, Dietary},
	Number = {2},
	Pages = {59-75},
	Pmid = {17046432},
	Pst = {ppublish},
	Title = {Sodium intake and hypertension},
	Volume = {49},
	Year = {2006},
	Bdsk-File-1 = {YnBsaXN0MDDUAQIDBAUGJCVYJHZlcnNpb25YJG9iamVjdHNZJGFyY2hpdmVyVCR0b3ASAAGGoKgHCBMUFRYaIVUkbnVsbNMJCgsMDxJXTlMua2V5c1pOUy5vYmplY3RzViRjbGFzc6INDoACgAOiEBGABIAFgAdccmVsYXRpdmVQYXRoWWFsaWFzRGF0YV8QWy4uLy4uL2Fzc2V0L2RvYy9Tb2RpdW0tSW50YWtlLWFuZC1IeXBlcnRlbnNpb25fMjAwNl9Qcm9ncmVzcy1pbi1DYXJkaW92YXNjdWxhci1EaXNlYXNlcy5wZGbSFwsYGVdOUy5kYXRhTxEDrgAAAAADrgACAAACcGEAAAAAAAAAAAAAAAAAAAAAAAAAAAAAAAAA0xcmwkgrAAUAAAAxH1NvZGl1bS1JbnRha2UtYW5kLUh5cGVyI0IwRS5wZGYAAAAAAAAAAAAAAAAAAAAAAAAAAAAAAAAAAAAAAAAAAAAACw7TNFeYAAAAAAAAAAAAAgADAAANAgAAAAAAAAAAAAAAAAAAAANkb2MAABAACAAA0xcYsgAAABEACAAA0zQ7eAAAAAEAEAAAADEAAAAkAAAAHwAAABkAAgBFcGE6cHJvamVjdDoAaHlwZXJ0ZW5zaW9uOgBhc3NldDoAZG9jOgBTb2RpdW0tSW50YWtlLWFuZC1IeXBlciNCMEUucGRmAAAOAJgASwBTAG8AZABpAHUAbQAtAEkAbgB0AGEAawBlAC0AYQBuAGQALQBIAHkAcABlAHIAdABlAG4AcwBpAG8AbgBfADIAMAAwADYAXwBQAHIAbwBnAHIAZQBzAHMALQBpAG4ALQBDAGEAcgBkAGkAbwB2AGEAcwBjAHUAbABhAHIALQBEAGkAcwBlAGEAcwBlAHMALgBwAGQAZgAPAAYAAgBwAGEAEgBrL3Byb2plY3QvaHlwZXJ0ZW5zaW9uL2Fzc2V0L2RvYy9Tb2RpdW0tSW50YWtlLWFuZC1IeXBlcnRlbnNpb25fMjAwNl9Qcm9ncmVzcy1pbi1DYXJkaW92YXNjdWxhci1EaXNlYXNlcy5wZGYAABMACy9Wb2x1bWVzL3BhAAAUAWwAAAAAAWwAAgABCkhhcmQgRHJpdmUAAAAAAAAAAAAAAAAAAAAAANHZZK9IKwAAAAbFRQ9wYS5zcGFyc2VidW5kbGUAAAAAAAAAAAAAAAAAAAAAAAAAAAAAAAAAAAAAAAAAAAAAAAAAAAAAAAAAAAAAAAABYHq70xcmwgAAAAAAAAAA/////wAACSAAAAAAAAAAAAAAAAAAAAAKZnJlZG1vbnRldAAQAAgAANHZSI8AAAARAAgAANMXGLIAAAABAAgABsVFAAKYDwACAC1IYXJkIERyaXZlOlVzZXJzOgBmcmVkbW9udGV0OgBwYS5zcGFyc2VidW5kbGUAAA4AIAAPAHAAYQAuAHMAcABhAHIAcwBlAGIAdQBuAGQAbABlAA8AFgAKAEgAYQByAGQAIABEAHIAaQB2AGUAEgAgVXNlcnMvZnJlZG1vbnRldC9wYS5zcGFyc2VidW5kbGUAEwABLwAAFQACABH//wAA//8AAIAG0hscHR5aJGNsYXNzbmFtZVgkY2xhc3Nlc11OU011dGFibGVEYXRhox0fIFZOU0RhdGFYTlNPYmplY3TSGxwiI1xOU0RpY3Rpb25hcnmiIiBfEA9OU0tleWVkQXJjaGl2ZXLRJidUcm9vdIABAAgAEQAaACMALQAyADcAQABGAE0AVQBgAGcAagBsAG4AcQBzAHUAdwCEAI4A7ADxAPkEqwStBLIEvQTGBNQE2ATfBOgE7QT6BP0FDwUSBRcAAAAAAAACAQAAAAAAAAAoAAAAAAAAAAAAAAAAAAAFGQ==},
	Bdsk-Url-1 = {http://dx.doi.org/10.1016/j.pcad.2006.07.001}}

@article{Smith:2006,
	Abstract = {This paper draws upon qualitative research conducted among older adults in the rural, southern United States in which they articulated their beliefs and experiences with nutrition and foods, and lay models of the connection of diet with chronic disease. Salt emerged as a focus of contention. The goals of the paper are to (1) present the culturally constructed meaning of salt, (2) contrast the cultural meaning with biomedical views, and (3) discuss how these findings can be applied to health education and better doctor-patient communication. Data were collected in two rural communities characterized by high rates of poverty and a high proportion of minority residents. A total of 116 African American, Native American and white adults aged 60 years and older participated in 55 in-depth interviews or seven focus groups. A systematic analysis of text showed that salt was a highly contested component of food. While valued for its role in traditional foods and cuisine, it also held negative connotations because of biomedical links to chronic diseases prevalent in the population. We suggest that attempts to control salt intake are made difficult by the changes in taste perceptions that accompany aging. Respondents' articulation of salt's role in health and disease shows cross-over among different chronic diseases and a lay interpretation of blood as the medium through which salt affects disease. These older adults' narratives demonstrate their attempts to reconcile the important role of traditional foods in their identity as Southerners with their attempts to meet medical recommendations for healthy eating.},
	Author = {Smith, Shannon L and Quandt, Sara A and Arcury, Thomas A and Wetmore, Lindsay K and Bell, Ronny A and Vitolins, Mara Z},
	Date-Added = {2016-04-13 20:09:59 +0000},
	Date-Modified = {2016-04-24 16:29:36 +0000},
	Doi = {10.1016/j.socscimed.2005.05.009},
	Journal = {Soc Sci Med},
	Journal-Full = {Social science \& medicine (1982)},
	Mesh = {African Americans; Aged; European Continental Ancestry Group; Feeding Behavior; Female; Focus Groups; Food Preferences; Health Knowledge, Attitudes, Practice; Humans; Indians, North American; Interviews as Topic; Male; Middle Aged; North Carolina; Nutritional Physiological Phenomena; Rural Population; Socioeconomic Factors; Sodium, Dietary; Taste},
	Month = {Jan},
	Number = {1},
	Pages = {189-98},
	Pmid = {15990209},
	Pst = {ppublish},
	Title = {Aging and eating in the rural, southern United States: beliefs about salt and its effect on health},
	Volume = {62},
	Year = {2006},
	Bdsk-File-1 = {YnBsaXN0MDDUAQIDBAUGJCVYJHZlcnNpb25YJG9iamVjdHNZJGFyY2hpdmVyVCR0b3ASAAGGoKgHCBMUFRYaIVUkbnVsbNMJCgsMDxJXTlMua2V5c1pOUy5vYmplY3RzViRjbGFzc6INDoACgAOiEBGABIAFgAdccmVsYXRpdmVQYXRoWWFsaWFzRGF0YV8QlS4uLy4uL2Fzc2V0L2RvYy9BZ2luZy1hbmQtZWF0aW5nLWluLXRoZS1ydXJhbC0tc291dGhlcm4tVW5pdGVkLVN0YXRlcy0tQmVsaWVmcy1hYm91dC1zYWx0LWFuZC1pdHMtZWZmZWN0LW9uLWhlYWx0aF8yMDA2X1NvY2lhbC1TY2llbmNlLS0tTWVkaWNpbmUucGRm0hcLGBlXTlMuZGF0YU8RBFwAAAAABFwAAgAAAnBhAAAAAAAAAAAAAAAAAAAAAAAAAAAAAAAAANMXJsJIKwAFAAAAMR9BZ2luZy1hbmQtZWF0aW5nLWluLXRoZSNCMEQucGRmAAAAAAAAAAAAAAAAAAAAAAAAAAAAAAAAAAAAAAAAAAAAAAsN0zRXmAAAAAAAAAAAAAIAAwAADQIAAAAAAAAAAAAAAAAAAAADZG9jAAAQAAgAANMXGLIAAAARAAgAANM0O3gAAAABABAAAAAxAAAAJAAAAB8AAAAZAAIARXBhOnByb2plY3Q6AGh5cGVydGVuc2lvbjoAYXNzZXQ6AGRvYzoAQWdpbmctYW5kLWVhdGluZy1pbi10aGUjQjBELnBkZgAADgEMAIUAQQBnAGkAbgBnAC0AYQBuAGQALQBlAGEAdABpAG4AZwAtAGkAbgAtAHQAaABlAC0AcgB1AHIAYQBsAC0ALQBzAG8AdQB0AGgAZQByAG4ALQBVAG4AaQB0AGUAZAAtAFMAdABhAHQAZQBzAC0ALQBCAGUAbABpAGUAZgBzAC0AYQBiAG8AdQB0AC0AcwBhAGwAdAAtAGEAbgBkAC0AaQB0AHMALQBlAGYAZgBlAGMAdAAtAG8AbgAtAGgAZQBhAGwAdABoAF8AMgAwADAANgBfAFMAbwBjAGkAYQBsAC0AUwBjAGkAZQBuAGMAZQAtAC0ALQBNAGUAZABpAGMAaQBuAGUALgBwAGQAZgAPAAYAAgBwAGEAEgClL3Byb2plY3QvaHlwZXJ0ZW5zaW9uL2Fzc2V0L2RvYy9BZ2luZy1hbmQtZWF0aW5nLWluLXRoZS1ydXJhbC0tc291dGhlcm4tVW5pdGVkLVN0YXRlcy0tQmVsaWVmcy1hYm91dC1zYWx0LWFuZC1pdHMtZWZmZWN0LW9uLWhlYWx0aF8yMDA2X1NvY2lhbC1TY2llbmNlLS0tTWVkaWNpbmUucGRmAAATAAsvVm9sdW1lcy9wYQAAFAFsAAAAAAFsAAIAAQpIYXJkIERyaXZlAAAAAAAAAAAAAAAAAAAAAADR2WSvSCsAAAAGxUUPcGEuc3BhcnNlYnVuZGxlAAAAAAAAAAAAAAAAAAAAAAAAAAAAAAAAAAAAAAAAAAAAAAAAAAAAAAAAAAAAAAAAAWB6u9MXJsIAAAAAAAAAAP////8AAAkgAAAAAAAAAAAAAAAAAAAACmZyZWRtb250ZXQAEAAIAADR2UiPAAAAEQAIAADTFxiyAAAAAQAIAAbFRQACmA8AAgAtSGFyZCBEcml2ZTpVc2VyczoAZnJlZG1vbnRldDoAcGEuc3BhcnNlYnVuZGxlAAAOACAADwBwAGEALgBzAHAAYQByAHMAZQBiAHUAbgBkAGwAZQAPABYACgBIAGEAcgBkACAARAByAGkAdgBlABIAIFVzZXJzL2ZyZWRtb250ZXQvcGEuc3BhcnNlYnVuZGxlABMAAS8AABUAAgAR//8AAP//AACABtIbHB0eWiRjbGFzc25hbWVYJGNsYXNzZXNdTlNNdXRhYmxlRGF0YaMdHyBWTlNEYXRhWE5TT2JqZWN00hscIiNcTlNEaWN0aW9uYXJ5oiIgXxAPTlNLZXllZEFyY2hpdmVy0SYnVHJvb3SAAQAIABEAGgAjAC0AMgA3AEAARgBNAFUAYABnAGoAbABuAHEAcwB1AHcAhACOASYBKwEzBZMFlQWaBaUFrgW8BcAFxwXQBdUF4gXlBfcF+gX/AAAAAAAAAgEAAAAAAAAAKAAAAAAAAAAAAAAAAAAABgE=},
	Bdsk-Url-1 = {http://dx.doi.org/10.1016/j.socscimed.2005.05.009}}

@article{Takizawa:1997,
	Abstract = {Aging and hypertension are known to be closely related with the pathogenesis and development of glomerulosclerosis. In this study, we examined the time course changes in the glomerulus associated with salt-induced hypertension using the inbred Dahl salt-sensitive rats. For this purpose, 5-week-old Dahl salt-sensitive rats (n=36) were fed either 4% NaCl diet (n=18) or 0.3% NaCl diet (n=18) up to 17 weeks of age. The high salt diet caused a dramatic increase in systolic blood pressure and also a dramatic renal hypertrophy as shown by a significant increase in the kidney weight. Histological examination revealed an age-dependent progression of glomerulosclerosis as documented by a quantitative scoring. This age-dependent progression was further accelerated by the co-existence of salt-induced hypertension in the high salt diet group. Northern blot analysis revealed an increase in the steady state mRNA levels of fibronectin, an important component of mesangial matrices, in the renal cortex, but not in the renal medulla, only in salt-loaded Dahl salt-sensitive rats. These findings indicate that salt-induced hypertension accelerates the age-dependent progression of glomerulosclerosis in Dahl salt-sensitive rats, and fibronectin may play a role in the pathogenesis, development, and progression of glomerulosclerosis associated with salt-induced hypertension.},
	Author = {Takizawa, T and Takasaki, I and Shionoiri, H and Ishii, M},
	Date-Added = {2016-04-13 19:49:42 +0000},
	Date-Modified = {2016-04-24 16:44:05 +0000},
	Journal = {Life Sci},
	Journal-Full = {Life sciences},
	Mesh = {Aging; Animals; Fibronectins; Gene Expression; Glomerulonephritis; Hypertension; Hypertrophy; Kidney; Kidney Cortex; RNA, Messenger; Rats; Sodium Chloride, Dietary},
	Number = {16},
	Pages = {1553-8},
	Pmid = {9353164},
	Pst = {ppublish},
	Title = {Progression of glomerulosclerosis, renal hypertrophy, and an increased expression of fibronectin in the renal cortex associated with aging and salt-induced hypertension in Dahl salt-sensitive rats},
	Volume = {61},
	Year = {1997},
	Bdsk-File-1 = {YnBsaXN0MDDUAQIDBAUGJCVYJHZlcnNpb25YJG9iamVjdHNZJGFyY2hpdmVyVCR0b3ASAAGGoKgHCBMUFRYaIVUkbnVsbNMJCgsMDxJXTlMua2V5c1pOUy5vYmplY3RzViRjbGFzc6INDoACgAOiEBGABIAFgAdccmVsYXRpdmVQYXRoWWFsaWFzRGF0YV8Qqi4uLy4uL2Fzc2V0L2RvYy9Qcm9ncmVzc2lvbi1vZi1nbG9tZXJ1bG9zY2xlcm9zaXMtcmVuYWwtaHlwZXJ0cm9waHktYW5kLWFuLWluY3JlYXNlZC1leHByZXNzaW9uLW9mLWZpYnJvbmVjdGluLWluLXRoZS1yZW5hbC1jb3J0ZXgtYXNzb2NpYXRlZC13aXRoLWFnaW5nLWFuZC1zYWx0LWluZHUucGRm0hcLGBlXTlMuZGF0YU8RBJoAAAAABJoAAgAAAnBhAAAAAAAAAAAAAAAAAAAAAAAAAAAAAAAAANMXJsJIKwAFAAAAMR9Qcm9ncmVzc2lvbi1vZi1nbG9tZXJ1bCNCMDkucGRmAAAAAAAAAAAAAAAAAAAAAAAAAAAAAAAAAAAAAAAAAAAAAAsJ0zQaFAAAAAAAAAAAAAIAAwAADQIAAAAAAAAAAAAAAAAAAAADZG9jAAAQAAgAANMXGLIAAAARAAgAANMz/fQAAAABABAAAAAxAAAAJAAAAB8AAAAZAAIARXBhOnByb2plY3Q6AGh5cGVydGVuc2lvbjoAYXNzZXQ6AGRvYzoAUHJvZ3Jlc3Npb24tb2YtZ2xvbWVydWwjQjA5LnBkZgAADgE2AJoAUAByAG8AZwByAGUAcwBzAGkAbwBuAC0AbwBmAC0AZwBsAG8AbQBlAHIAdQBsAG8AcwBjAGwAZQByAG8AcwBpAHMALQByAGUAbgBhAGwALQBoAHkAcABlAHIAdAByAG8AcABoAHkALQBhAG4AZAAtAGEAbgAtAGkAbgBjAHIAZQBhAHMAZQBkAC0AZQB4AHAAcgBlAHMAcwBpAG8AbgAtAG8AZgAtAGYAaQBiAHIAbwBuAGUAYwB0AGkAbgAtAGkAbgAtAHQAaABlAC0AcgBlAG4AYQBsAC0AYwBvAHIAdABlAHgALQBhAHMAcwBvAGMAaQBhAHQAZQBkAC0AdwBpAHQAaAAtAGEAZwBpAG4AZwAtAGEAbgBkAC0AcwBhAGwAdAAtAGkAbgBkAHUALgBwAGQAZgAPAAYAAgBwAGEAEgC6L3Byb2plY3QvaHlwZXJ0ZW5zaW9uL2Fzc2V0L2RvYy9Qcm9ncmVzc2lvbi1vZi1nbG9tZXJ1bG9zY2xlcm9zaXMtcmVuYWwtaHlwZXJ0cm9waHktYW5kLWFuLWluY3JlYXNlZC1leHByZXNzaW9uLW9mLWZpYnJvbmVjdGluLWluLXRoZS1yZW5hbC1jb3J0ZXgtYXNzb2NpYXRlZC13aXRoLWFnaW5nLWFuZC1zYWx0LWluZHUucGRmABMACy9Wb2x1bWVzL3BhAAAUAWwAAAAAAWwAAgABCkhhcmQgRHJpdmUAAAAAAAAAAAAAAAAAAAAAANHZZK9IKwAAAAbFRQ9wYS5zcGFyc2VidW5kbGUAAAAAAAAAAAAAAAAAAAAAAAAAAAAAAAAAAAAAAAAAAAAAAAAAAAAAAAAAAAAAAAABYHq70xcmwgAAAAAAAAAA/////wAACSAAAAAAAAAAAAAAAAAAAAAKZnJlZG1vbnRldAAQAAgAANHZSI8AAAARAAgAANMXGLIAAAABAAgABsVFAAKYDwACAC1IYXJkIERyaXZlOlVzZXJzOgBmcmVkbW9udGV0OgBwYS5zcGFyc2VidW5kbGUAAA4AIAAPAHAAYQAuAHMAcABhAHIAcwBlAGIAdQBuAGQAbABlAA8AFgAKAEgAYQByAGQAIABEAHIAaQB2AGUAEgAgVXNlcnMvZnJlZG1vbnRldC9wYS5zcGFyc2VidW5kbGUAEwABLwAAFQACABH//wAA//8AAIAG0hscHR5aJGNsYXNzbmFtZVgkY2xhc3Nlc11OU011dGFibGVEYXRhox0fIFZOU0RhdGFYTlNPYmplY3TSGxwiI1xOU0RpY3Rpb25hcnmiIiBfEA9OU0tleWVkQXJjaGl2ZXLRJidUcm9vdIABAAgAEQAaACMALQAyADcAQABGAE0AVQBgAGcAagBsAG4AcQBzAHUAdwCEAI4BOwFAAUgF5gXoBe0F+AYBBg8GEwYaBiMGKAY1BjgGSgZNBlIAAAAAAAACAQAAAAAAAAAoAAAAAAAAAAAAAAAAAAAGVA==}}

@article{Gomez-Sanchez:1997,
	Abstract = {
The soluble mineralocorticoid receptor bound to an agonist acts as a transcription factor for several genes relevant to ion transport by kidney and colon epithelial cells and is a major regulator of electrolyte and fluid homeostasis. Mineralocorticoids, the most prominent of which is aldosterone, also influence the activity of nonepithelial target cells, including vascular smooth muscle cells, by altering intracellular ion transport and content. Evidence is summarized for mineralocorticoid modulation of neuronal activity in a center or centers within the brain, probably in the periventricular area of the anterior hypothalamus, where information on electrolyte, fluid, and cardiovascular status is received and integrated, resulting in alterations in central sympathetic efferent activity. These functions are distinct from central aldosterone effects on salt appetite and periph- eral trophic effects on cardiovascular tissue. The isolated mineralocorticoid receptor binds several adrenal steroids, including aldosterone and the major glucocorticoids, with equal affinity. Ligand specificity for the mineralocorticoid receptor differs between tis- sues, including different organs in the brain. Specificity is conferred extrinsically by the 11- -hydroxysteroid dehydrogenase enzymes in transport epithelia, but mechanisms for mineralocorticoid ligand specificity have not been completely defined in the brain. The functional interaction between the mineralocorticoid receptor bound to different ligands and between the mineralocorticoid and glucocorticoid receptors is complex and as yet unresolved. Evidence is presented for the de novo synthesis of adrenal corticosteroids in the brain which may, by paracrine regulation of central control mechanisms, be relevant for certain clinical and experimental forms of hypertension characterized by low circulat- ing levels of mineralocorticoids which respond to mineralocorticoid receptor antagonists. KEY WORDS: Hypertension; steroids; mineralocorticoids; adrenal regeneration hyperten- sion; Dahl Salt-Sensitive rat; neurosteroids.   1997 Academic Press},
	Author = {Elise P. Go ́mez-Sa ́nchez},
	Date-Added = {2016-04-13 19:49:33 +0000},
	Date-Modified = {2016-05-17 06:56:48 +0000},
	Journal = {FRONTIERS IN NEUROENDOCRINOLOGY},
	Keywords = {Hypertension; steroids; mineralocorticoids; adrenal regeneration hyperten- sion; Dahl Salt-Sensitive rat; neurosteroids.},
	Pages = {440--462},
	Title = {Central Hypertensive Effects of Aldosterone},
	Volume = {18},
	Year = {1997},
	Bdsk-File-1 = {YnBsaXN0MDDUAQIDBAUGJCVYJHZlcnNpb25YJG9iamVjdHNZJGFyY2hpdmVyVCR0b3ASAAGGoKgHCBMUFRYaIVUkbnVsbNMJCgsMDxJXTlMua2V5c1pOUy5vYmplY3RzViRjbGFzc6INDoACgAOiEBGABIAFgAdccmVsYXRpdmVQYXRoWWFsaWFzRGF0YV8QZC4uLy4uL2Fzc2V0L2RvYy9DZW50cmFsLUh5cGVydGVuc2l2ZS1FZmZlY3RzLW9mLUFsZG9zdGVyb25lXzE5OTdfRnJvbnRpZXJzLWluLU5ldXJvZW5kb2NyaW5vbG9neS5wZGbSFwsYGVdOUy5kYXRhTxEDyAAAAAADyAACAAACcGEAAAAAAAAAAAAAAAAAAAAAAAAAAAAAAAAA0xcmwkgrAAUAAAAxH0NlbnRyYWwtSHlwZXJ0ZW5zaXZlLUVmI0IwNy5wZGYAAAAAAAAAAAAAAAAAAAAAAAAAAAAAAAAAAAAAAAAAAAAACwfTNBoUAAAAAAAAAAAAAgADAAANAgAAAAAAAAAAAAAAAAAAAANkb2MAABAACAAA0xcYsgAAABEACAAA0zP99AAAAAEAEAAAADEAAAAkAAAAHwAAABkAAgBFcGE6cHJvamVjdDoAaHlwZXJ0ZW5zaW9uOgBhc3NldDoAZG9jOgBDZW50cmFsLUh5cGVydGVuc2l2ZS1FZiNCMDcucGRmAAAOAKoAVABDAGUAbgB0AHIAYQBsAC0ASAB5AHAAZQByAHQAZQBuAHMAaQB2AGUALQBFAGYAZgBlAGMAdABzAC0AbwBmAC0AQQBsAGQAbwBzAHQAZQByAG8AbgBlAF8AMQA5ADkANwBfAEYAcgBvAG4AdABpAGUAcgBzAC0AaQBuAC0ATgBlAHUAcgBvAGUAbgBkAG8AYwByAGkAbgBvAGwAbwBnAHkALgBwAGQAZgAPAAYAAgBwAGEAEgB0L3Byb2plY3QvaHlwZXJ0ZW5zaW9uL2Fzc2V0L2RvYy9DZW50cmFsLUh5cGVydGVuc2l2ZS1FZmZlY3RzLW9mLUFsZG9zdGVyb25lXzE5OTdfRnJvbnRpZXJzLWluLU5ldXJvZW5kb2NyaW5vbG9neS5wZGYAEwALL1ZvbHVtZXMvcGEAABQBbAAAAAABbAACAAEKSGFyZCBEcml2ZQAAAAAAAAAAAAAAAAAAAAAA0dlkr0grAAAABsVFD3BhLnNwYXJzZWJ1bmRsZQAAAAAAAAAAAAAAAAAAAAAAAAAAAAAAAAAAAAAAAAAAAAAAAAAAAAAAAAAAAAAAAAFgervTFybCAAAAAAAAAAD/////AAAJIAAAAAAAAAAAAAAAAAAAAApmcmVkbW9udGV0ABAACAAA0dlIjwAAABEACAAA0xcYsgAAAAEACAAGxUUAApgPAAIALUhhcmQgRHJpdmU6VXNlcnM6AGZyZWRtb250ZXQ6AHBhLnNwYXJzZWJ1bmRsZQAADgAgAA8AcABhAC4AcwBwAGEAcgBzAGUAYgB1AG4AZABsAGUADwAWAAoASABhAHIAZAAgAEQAcgBpAHYAZQASACBVc2Vycy9mcmVkbW9udGV0L3BhLnNwYXJzZWJ1bmRsZQATAAEvAAAVAAIAEf//AAD//wAAgAbSGxwdHlokY2xhc3NuYW1lWCRjbGFzc2VzXU5TTXV0YWJsZURhdGGjHR8gVk5TRGF0YVhOU09iamVjdNIbHCIjXE5TRGljdGlvbmFyeaIiIF8QD05TS2V5ZWRBcmNoaXZlctEmJ1Ryb290gAEACAARABoAIwAtADIANwBAAEYATQBVAGAAZwBqAGwAbgBxAHMAdQB3AIQAjgD1APoBAgTOBNAE1QTgBOkE9wT7BQIFCwUQBR0FIAUyBTUFOgAAAAAAAAIBAAAAAAAAACgAAAAAAAAAAAAAAAAAAAU8}}

@article{Gomez-Sanchez:1996,
	Abstract = {Essential hypertensive patients often respond to treatments mitigating mineralocorticoid action, even though circulating levels of these steroids are within normal ranges. In addition to the kidney, mineralocorticoid or Type I receptors are found in the brain and vascular smooth muscle where they mediate effects associated with several forms of experimental hypertension. Studies in which discrete anatomic or functional areas of the brain have been ablated demonstrate that the periventricular areas of the hypothalamus and the central sympathetic and baroreceptor systems are crucial for the development of hypertension in the renoprival, DOCA salt, and Dahl salt-sensitive rat. Intracerebroventricular (i.c.v.) infusion of aldosterone in both rats and dogs at doses that do not raise serum levels above normal produce hypertension. The hypertension produced by systemic mineralocorticoid excess, adrenal regeneration, and i.c.v. or oral administration of glycyrrhetinic acid or carbenoxolone in genetically normotensive rats and by dietary salt in the Dahl salt-sensitive rat is inhibited by the i.c.v. infusion of a mineralocorticoid receptor antagonist or a Na+ channel-selective amiloride analog. Recent data demonstrate the extraadrenal synthesis of steroids in aortic endothelial cells, smooth muscle cells and the brain. The role of the extraadrenal synthesis of steroids raises new avenues for research into the causes of hypertension.},
	Author = {G{\'o}mez-S{\'a}nchez, E P and Zhou, M and Gomez-Sanchez, C E},
	Date-Added = {2016-04-13 19:44:15 +0000},
	Date-Modified = {2016-05-17 06:57:00 +0000},
	Journal = {Steroids},
	Journal-Full = {Steroids},
	Mesh = {Adrenal Cortex Hormones; Adrenal Glands; Animals; Blood Pressure; Dogs; Humans; Hypertension; Mineralocorticoids; Mutation; Rats; Rats, Inbred Strains; Regeneration; Salts; Steroid 11-beta-Hydroxylase},
	Month = {Apr},
	Number = {4},
	Pages = {184-8},
	Pmid = {8732997},
	Pst = {ppublish},
	Title = {Mineralocorticoids, salt and high blood pressure},
	Volume = {61},
	Year = {1996},
	Bdsk-File-1 = {YnBsaXN0MDDUAQIDBAUGJCVYJHZlcnNpb25YJG9iamVjdHNZJGFyY2hpdmVyVCR0b3ASAAGGoKgHCBMUFRYaIVUkbnVsbNMJCgsMDxJXTlMua2V5c1pOUy5vYmplY3RzViRjbGFzc6INDoACgAOiEBGABIAFgAdccmVsYXRpdmVQYXRoWWFsaWFzRGF0YV8QMC4uLy4uL2Fzc2V0L2RvYy8xLXMyLjAtMDAzOTEyOFg5NjAwMDEwNC1tYWluLnBkZtIXCxgZV05TLmRhdGFPEQMsAAAAAAMsAAIAAAJwYQAAAAAAAAAAAAAAAAAAAAAAAAAAAAAAAADTFybCSCsABQAAADEfMS1zMi4wLTAwMzkxMjhYOTYwMDAxMDQjRENCLnBkZgAAAAAAAAAAAAAAAAAAAAAAAAAAAAAAAAAAAAAAAAAAAAANy9M0bg8AAAAAAAAAAAACAAMAAA0CAAAAAAAAAAAAAAAAAAAAA2RvYwAAEAAIAADTFxiyAAAAEQAIAADTNFHvAAAAAQAQAAAAMQAAACQAAAAfAAAAGQACAEVwYTpwcm9qZWN0OgBoeXBlcnRlbnNpb246AGFzc2V0OgBkb2M6ADEtczIuMC0wMDM5MTI4WDk2MDAwMTA0I0RDQi5wZGYAAA4AQgAgADEALQBzADIALgAwAC0AMAAwADMAOQAxADIAOABYADkANgAwADAAMAAxADAANAAtAG0AYQBpAG4ALgBwAGQAZgAPAAYAAgBwAGEAEgBAL3Byb2plY3QvaHlwZXJ0ZW5zaW9uL2Fzc2V0L2RvYy8xLXMyLjAtMDAzOTEyOFg5NjAwMDEwNC1tYWluLnBkZgATAAsvVm9sdW1lcy9wYQAAFAFsAAAAAAFsAAIAAQpIYXJkIERyaXZlAAAAAAAAAAAAAAAAAAAAAADR2WSvSCsAAAAGxUUPcGEuc3BhcnNlYnVuZGxlAAAAAAAAAAAAAAAAAAAAAAAAAAAAAAAAAAAAAAAAAAAAAAAAAAAAAAAAAAAAAAAAAWB6u9MXJsIAAAAAAAAAAP////8AAAkgAAAAAAAAAAAAAAAAAAAACmZyZWRtb250ZXQAEAAIAADR2UiPAAAAEQAIAADTFxiyAAAAAQAIAAbFRQACmA8AAgAtSGFyZCBEcml2ZTpVc2VyczoAZnJlZG1vbnRldDoAcGEuc3BhcnNlYnVuZGxlAAAOACAADwBwAGEALgBzAHAAYQByAHMAZQBiAHUAbgBkAGwAZQAPABYACgBIAGEAcgBkACAARAByAGkAdgBlABIAIFVzZXJzL2ZyZWRtb250ZXQvcGEuc3BhcnNlYnVuZGxlABMAAS8AABUAAgAR//8AAP//AACABtIbHB0eWiRjbGFzc25hbWVYJGNsYXNzZXNdTlNNdXRhYmxlRGF0YaMdHyBWTlNEYXRhWE5TT2JqZWN00hscIiNcTlNEaWN0aW9uYXJ5oiIgXxAPTlNLZXllZEFyY2hpdmVy0SYnVHJvb3SAAQAIABEAGgAjAC0AMgA3AEAARgBNAFUAYABnAGoAbABuAHEAcwB1AHcAhACOAMEAxgDOA/4EAAQFBBAEGQQnBCsEMgQ7BEAETQRQBGIEZQRqAAAAAAAAAgEAAAAAAAAAKAAAAAAAAAAAAAAAAAAABGw=}}

@article{:sih,
	Abstract = {In current diets, the level of sodium is very high, whereas that of potassium, calcium, and magne- sium is low compared with the level in diets composed of unprocessed, natural foods. We present the biologic rationale and scientific evi- dence that show that the current salt intake levels largely explain the high prevalence of hypertension. Comprehensive reduction of salt intake, both alone and particularly in combination with increases in intakes of potassium, calcium, and magnesium, is able to lower average blood pressure levels substantially. During the past 30 years, the one- third decrease in the average salt intake has been accompanied by a more than 10--mm Hg fall in the population average of both systolic and diastolic blood pressure, and a 75% to 80% decrease in both stroke and coronary heart disease mortality in Finland. There is no evidence of any harmful effects of salt reduction. Salt-reduction recommendations alone have a very small, if any, population impact. In the United States, for example, the per capita use of salt increased by approximately 55% from the mid-1980s to the late 1990s. We deal with factors that contribute toward increasing salt intakes and present examples of the methods that have contributed to the successful salt reduction in Finland.},
	Author = {Sodium Intake and Hypertension},
	Date-Added = {2016-04-13 19:20:48 +0000},
	Date-Modified = {2016-04-13 19:24:13 +0000},
	Journal = {Progress in Cardiovascular Diseases},
	Month = {September/October},
	Number = {2},
	Pages = {59-75},
	Title = {Heikki Karppanen and Eero Mervaala},
	Volume = {49},
	Year = {2006},
	Bdsk-File-1 = {YnBsaXN0MDDUAQIDBAUGJCVYJHZlcnNpb25YJG9iamVjdHNZJGFyY2hpdmVyVCR0b3ASAAGGoKgHCBMUFRYaIVUkbnVsbNMJCgsMDxJXTlMua2V5c1pOUy5vYmplY3RzViRjbGFzc6INDoACgAOiEBGABIAFgAdccmVsYXRpdmVQYXRoWWFsaWFzRGF0YV8QMS4uLy4uL2Fzc2V0L2RvYy8xLXMyLjAtUzAwMzMwNjIwMDYwMDA4MzEtbWFpbi5wZGbSFwsYGVdOUy5kYXRhTxEDMAAAAAADMAACAAACcGEAAAAAAAAAAAAAAAAAAAAAAAAAAAAAAAAA0xcmwkgrAAUAAAAxHzEtczIuMC1TMDAzMzA2MjAwNjAwMDgzI0IwNC5wZGYAAAAAAAAAAAAAAAAAAAAAAAAAAAAAAAAAAAAAAAAAAAAACwTTNGidAAAAAAAAAAAAAgADAAANAgAAAAAAAAAAAAAAAAAAAANkb2MAABAACAAA0xcYsgAAABEACAAA0zRMfQAAAAEAEAAAADEAAAAkAAAAHwAAABkAAgBFcGE6cHJvamVjdDoAaHlwZXJ0ZW5zaW9uOgBhc3NldDoAZG9jOgAxLXMyLjAtUzAwMzMwNjIwMDYwMDA4MyNCMDQucGRmAAAOAEQAIQAxAC0AcwAyAC4AMAAtAFMAMAAwADMAMwAwADYAMgAwADAANgAwADAAMAA4ADMAMQAtAG0AYQBpAG4ALgBwAGQAZgAPAAYAAgBwAGEAEgBBL3Byb2plY3QvaHlwZXJ0ZW5zaW9uL2Fzc2V0L2RvYy8xLXMyLjAtUzAwMzMwNjIwMDYwMDA4MzEtbWFpbi5wZGYAABMACy9Wb2x1bWVzL3BhAAAUAWwAAAAAAWwAAgABCkhhcmQgRHJpdmUAAAAAAAAAAAAAAAAAAAAAANHZZK9IKwAAAAbFRQ9wYS5zcGFyc2VidW5kbGUAAAAAAAAAAAAAAAAAAAAAAAAAAAAAAAAAAAAAAAAAAAAAAAAAAAAAAAAAAAAAAAABYHq70xcmwgAAAAAAAAAA/////wAACSAAAAAAAAAAAAAAAAAAAAAKZnJlZG1vbnRldAAQAAgAANHZSI8AAAARAAgAANMXGLIAAAABAAgABsVFAAKYDwACAC1IYXJkIERyaXZlOlVzZXJzOgBmcmVkbW9udGV0OgBwYS5zcGFyc2VidW5kbGUAAA4AIAAPAHAAYQAuAHMAcABhAHIAcwBlAGIAdQBuAGQAbABlAA8AFgAKAEgAYQByAGQAIABEAHIAaQB2AGUAEgAgVXNlcnMvZnJlZG1vbnRldC9wYS5zcGFyc2VidW5kbGUAEwABLwAAFQACABH//wAA//8AAIAG0hscHR5aJGNsYXNzbmFtZVgkY2xhc3Nlc11OU011dGFibGVEYXRhox0fIFZOU0RhdGFYTlNPYmplY3TSGxwiI1xOU0RpY3Rpb25hcnmiIiBfEA9OU0tleWVkQXJjaGl2ZXLRJidUcm9vdIABAAgAEQAaACMALQAyADcAQABGAE0AVQBgAGcAagBsAG4AcQBzAHUAdwCEAI4AwgDHAM8EAwQFBAoEFQQeBCwEMAQ3BEAERQRSBFUEZwRqBG8AAAAAAAACAQAAAAAAAAAoAAAAAAAAAAAAAAAAAAAEcQ==}}

@article{Verdecchia:1994,
	Author = {Paolo Verdecchia, Carlo Porcellati, Giuseppe Schillaci, Claudia Borgioni, Antonella Ciucci, Massimo Battistelli, Massimo Guerrieri, Camillo Gatteschi, Ivano Zampi, Antonella Santucci, Carla Santucci, Gianpaolo Reboldi},
	Date-Added = {2016-04-13 19:11:21 +0000},
	Date-Modified = {2016-04-24 16:44:30 +0000},
	Journal = {Hypertension},
	Title = {Ambulatory blood pressure. An independent predictor of prognosis in essential hypertension.},
	Year = {1994},
	Bdsk-File-1 = {YnBsaXN0MDDUAQIDBAUGJCVYJHZlcnNpb25YJG9iamVjdHNZJGFyY2hpdmVyVCR0b3ASAAGGoKgHCBMUFRYaIVUkbnVsbNMJCgsMDxJXTlMua2V5c1pOUy5vYmplY3RzViRjbGFzc6INDoACgAOiEBGABIAFgAdccmVsYXRpdmVQYXRoWWFsaWFzRGF0YV8QOC4uLy4uL2Fzc2V0L2RvYy9IeXBlcnRlbnNpb24tMTk5NC1WZXJkZWNjaGlhLTc5My04MDEucGRm0hcLGBlXTlMuZGF0YU8RA0QAAAAAA0QAAgAAAnBhAAAAAAAAAAAAAAAAAAAAAAAAAAAAAAAAANMXJsJIKwAFAAAAMR9IeXBlcnRlbnNpb24tMTk5NC1WZXJkZSNBRkEucGRmAAAAAAAAAAAAAAAAAAAAAAAAAAAAAAAAAAAAAAAAAAAAAAr60zRmMgAAAAAAAAAAAAIAAwAADQIAAAAAAAAAAAAAAAAAAAADZG9jAAAQAAgAANMXGLIAAAARAAgAANM0ShIAAAABABAAAAAxAAAAJAAAAB8AAAAZAAIARXBhOnByb2plY3Q6AGh5cGVydGVuc2lvbjoAYXNzZXQ6AGRvYzoASHlwZXJ0ZW5zaW9uLTE5OTQtVmVyZGUjQUZBLnBkZgAADgBSACgASAB5AHAAZQByAHQAZQBuAHMAaQBvAG4ALQAxADkAOQA0AC0AVgBlAHIAZABlAGMAYwBoAGkAYQAtADcAOQAzAC0AOAAwADEALgBwAGQAZgAPAAYAAgBwAGEAEgBIL3Byb2plY3QvaHlwZXJ0ZW5zaW9uL2Fzc2V0L2RvYy9IeXBlcnRlbnNpb24tMTk5NC1WZXJkZWNjaGlhLTc5My04MDEucGRmABMACy9Wb2x1bWVzL3BhAAAUAWwAAAAAAWwAAgABCkhhcmQgRHJpdmUAAAAAAAAAAAAAAAAAAAAAANHZZK9IKwAAAAbFRQ9wYS5zcGFyc2VidW5kbGUAAAAAAAAAAAAAAAAAAAAAAAAAAAAAAAAAAAAAAAAAAAAAAAAAAAAAAAAAAAAAAAABYHq70xcmwgAAAAAAAAAA/////wAACSAAAAAAAAAAAAAAAAAAAAAKZnJlZG1vbnRldAAQAAgAANHZSI8AAAARAAgAANMXGLIAAAABAAgABsVFAAKYDwACAC1IYXJkIERyaXZlOlVzZXJzOgBmcmVkbW9udGV0OgBwYS5zcGFyc2VidW5kbGUAAA4AIAAPAHAAYQAuAHMAcABhAHIAcwBlAGIAdQBuAGQAbABlAA8AFgAKAEgAYQByAGQAIABEAHIAaQB2AGUAEgAgVXNlcnMvZnJlZG1vbnRldC9wYS5zcGFyc2VidW5kbGUAEwABLwAAFQACABH//wAA//8AAIAG0hscHR5aJGNsYXNzbmFtZVgkY2xhc3Nlc11OU011dGFibGVEYXRhox0fIFZOU0RhdGFYTlNPYmplY3TSGxwiI1xOU0RpY3Rpb25hcnmiIiBfEA9OU0tleWVkQXJjaGl2ZXLRJidUcm9vdIABAAgAEQAaACMALQAyADcAQABGAE0AVQBgAGcAagBsAG4AcQBzAHUAdwCEAI4AyQDOANYEHgQgBCUEMAQ5BEcESwRSBFsEYARtBHAEggSFBIoAAAAAAAACAQAAAAAAAAAoAAAAAAAAAAAAAAAAAAAEjA==}}

@webpage{Wiki:hhd,
	Date-Added = {2016-04-13 18:53:54 +0000},
	Date-Modified = {2016-04-24 16:47:28 +0000},
	Keywords = {hypertensive, hearth, disease},
	Lastchecked = {13 avril 2016},
	Title = {Wikipedia - Hypertensive hearth disease},
	Url = {https://en.wikipedia.org/wiki/Hypertensive_heart_disease},
	Bdsk-Url-1 = {https://en.wikipedia.org/wiki/Hypertensive_heart_disease}}

@comment{BibDesk Static Groups{
<?xml version="1.0" encoding="UTF-8"?>
<!DOCTYPE plist PUBLIC "-//Apple//DTD PLIST 1.0//EN" "http://www.apple.com/DTDs/PropertyList-1.0.dtd">
<plist version="1.0">
<array>
	<dict>
		<key>group name</key>
		<string>Circadian</string>
		<key>keys</key>
		<string>Sierra:2009</string>
	</dict>
	<dict>
		<key>group name</key>
		<string>Global</string>
		<key>keys</key>
		<string>OMS:BMI,NCBI:BPClassification,OMS:2013,Duffy:1996,Obsan:2015</string>
	</dict>
	<dict>
		<key>group name</key>
		<string>HTA</string>
		<key>keys</key>
		<string>Karppanen:2006,Wiki:hhd,Kearney:2005,STPH:Cardio,Timio:1988,Smith:2006,Bochud:2014,Morimoto:1997,Irazola:2016,OFS:HTA,Verdecchia:1994,Takizawa:1997,Khullar:2012</string>
	</dict>
	<dict>
		<key>group name</key>
		<string>Machine learning, etc.</string>
		<key>keys</key>
		<string>:aa,:partialCorrelation,Kohonen:1995,Kohonen-som-pak:1995,Barreto-Sanz:2011,Mulier:1994,multipleRegression,spssKohonenIBM</string>
	</dict>
	<dict>
		<key>group name</key>
		<string>Statistics</string>
		<key>keys</key>
		<string>Dunn:1961,Dunn:1959</string>
	</dict>
	<dict>
		<key>group name</key>
		<string>Steroids</string>
		<key>keys</key>
		<string>Reckelhoff:2005,Gomez-Sanchez:1997,Gomez-Sanchez:1996,Lifton:2001,Hammer:2006,Whitworth:1995,Eisenschmid:1987</string>
	</dict>
</array>
</plist>
}}
